2459 4200
169 263 212 326 68
457 273 495 318 rt.
515 272 609 319 rann
628 273 851 328 notarium

170 427 239 492 illud
254 446 358 510 genus,
376 425 461 576 offis
477 425 649 510 exemplum
666 425 767 510 priore
782 426 852 490 loeo
865 427 964 511 posui,
981 428 1107 491 affirma·
1212 496 1213 517 χ

169 511 257 576 tionis
274 511 365 596 gratie
439 512 546 589 ‘batum
1212 520 1213 565 t

406 643 470 652 -
479 614 624 678 Voesrnque
634 613 673 664 iria
684 614 784 663 antibus
795 614 873 663 hanni.

213 698 258 762 At
272 698 376 762 vitium
396 699 463 777 erit,
483 698 599 782 quoties
624 698 755 764 otiosum
780 695 879 777 suerit,
896 713 928 763 et
941 698 1109 784 supererit3

168 805 240 863 non,
258 805 327 848 oum
343 783 510 869 adjicietur.
1130 804 1143 843 o
1213 838 1214 853 ,

212 867 271 933 Est
286 869 387 948 etiam,
404 891 481 952 quae
495 884 639 952 περιεργία
654 882 790 946 vocatur,
801 887 987 950 supervacuo
1005 867 1052 950 (ut
1066 867 1112 930 sic

169 955 310 1038 dixerim)
324 956 542 1036 operositatem
557 979 573 1020 a
587 954 717 1038 diligenti
733 953 924 1029 samosatam
937 974 955 1014 a
969 953 1113 1034 religione

169 1039 339 1121 superstitio
356 1039 454 1103 distat.
502 1040 619 1124 Atque,
635 1053 668 1102 ut
687 1037 781 1101 semel
796 1036 906 1114 finiam,
924 1038 971 1100 vel
987 1037 1114 1099 verbum

170 1144 272 1200 omne,
289 1125 370 1207 quod
392 1144 489 1208 neque
508 1126 691 1190 intellectum
706 1121 837 1206 adjuvat,
851 1143 948 1204 neque
963 1134 1113 1200 ornatum,
1214 1188 1215 1197 χ

169 1208 310 1272 vitiosum
325 1208 386 1271 diei
401 1225 512 1294 potest.
1122 1219 1145 1260 1⁰
1214 1206 1215 1233 l

214 1301 385 1374 Κακόζηλον,
403 1295 433 1358 id
453 1309 511 1373 est,
532 1295 616 1356 molo
638 1290 798 1377 affectatio,
823 1311 878 1374 per
899 1311 988 1353 omne
1010 1289 1114 1354 dicen·

172 1381 202 1445 di
217 1403 310 1464 genus
333 1394 452 1465 peccat.
499 1379 579 1443 Nam
601 1392 632 1441 et
653 1377 774 1453 tumida,
799 1389 830 1438 et
851 1376 952 1453 exilia,
974 1389 1004 1438 et
1026 1395 1114 1458 prae·

113 1518 116 1526 ,
172 1465 280 1542 dulcia,
297 1480 328 1526 et
351 1465 538 1542 abtmdantia,
556 1477 587 1525 et
610 1461 765 1538 arcessita,
790 1473 821 1522 et
846 1461 1035 1539 exsultantia,
1058 1460 1116 1523 sub
1215 1482 1216 1545 ,

171 1549 252 1610 idem
266 1569 376 1610 nomen
391 1549 510 1610 cadunt.
557 1545 701 1630 Denique
717 1553 866 1622 κακόζηλον
882 1560 1018 1622 vocatur,
1029 1545 1114 1628 quic·
1215 1570 1216 1575 ¹

171 1632 241 1716 quid
258 1645 303 1694 est
319 1631 393 1694 ultra
409 1631 558 1706 virtutem,
572 1632 690 1714 quoties
712 1633 859 1715 ingenium
878 1631 995 1716 judicio
1017 1643 1147 1708 caret,1⁵

171 1730 202 1779 et
227 1716 331 1801 specie
357 1715 428 1779 boni
454 1714 583 1779 fallitur:
617 1717 748 1779 omnium
778 1715 1000 1800 ineloquentia
1027 1715 1115 1777 vitio·

170 1823 236 1864 rum
288 1801 440 1864 assimum.
487 1799 567 1863 Nam
583 1815 683 1864 cetera
696 1802 949 1885 parumvitantur,
963 1800 1021 1862 hoc
1036 1799 1116 1882 peti·

172 1902 228 1949 tur.
300 1901 328 1950 st
342 1901 441 1950 autem
455 1899 550 1949 totum
565 1886 594 1948 in
609 1886 790 1950 elocutione.
829 1886 910 1950 Nam
924 1904 1024 1947 rorem
1037 1884 1117 1946 citio
1216 1948 1217 1951 ,

173 1985 249 2047 sunt,
261 1972 396 2048 stultum,
408 1991 572 2048 commune,
584 1973 782 2050 contrariom,
792 1989 1031 2055 supemocunm:
1050 1989 1116 2031 cor·
1216 2010 1217 2015 η

172 2064 264 2139 rapto
290 2056 387 2118 oratio
408 2056 437 2117 in
456 2055 554 2119 verbis
576 2055 706 2119 maxime
725 2057 913 2140 impropriis,
938 2053 1148 2117 redundant-²⁰

172 2141 263 2219 tibus,
299 2141 557 2223 comprehensione
592 2141 731 2220 obscero,
760 2142 970 2224 compositione
991 2136 1115 2219 fracta,
1217 2092 1219 2238 i

172 2247 277 2291 vocem
308 2227 468 2304 similium,
500 2239 549 2289 aut
571 2227 785 2309 ambiguorum
806 2227 923 2309 puerili
945 2224 1116 2307 captatione

174 2311 319 2376 consistit.
367 2311 426 2375 Est
451 2326 549 2375 autem
572 2334 661 2375 omne
689 2316 839 2387 κακόζηλον
865 2312 966 2396 utique
995 2294 1115 2386 ialsum,

174 2397 289 2461 etiamsi
313 2420 372 2462 non
397 2419 485 2459 omne
510 2396 615 2460 salsum
638 2406 809 2475 κακόζηλονε
833 2414 865 2462 et
887 2396 995 2460 dicitur
1019 2394 1116 2471 aliter,

121 2498 126 2509 ·
195 2504 262 2545 uam
279 2504 311 2545 se
326 2496 427 2543 natura
443 2482 543 2558 habet,
556 2496 585 2543 et
597 2504 686 2564 quam
701 2497 832 2567 oportet,
849 2496 880 2545 et
895 2503 981 2565 quam
997 2492 1042 2542 sat
1058 2490 1149 2540 esav

174 2502 323 2628 9l'otidem
345 2577 443 2626 eutem
467 2564 624 2644 generibus
643 2568 840 2649 corrumpitur
855 2567 963 2638 oratic,
980 2577 1054 2646 quot
1069 2584 1116 2626 or·

174 2663 267 2711 natur.
318 2647 382 2711 Sed
398 2647 437 2708 de
452 2646 508 2708 hac
524 2664 608 2731 parte
624 2664 655 2713 et
669 2652 699 2713 in
714 2651 772 2713 alio
792 2650 879 2713 nobis
894 2670 986 2733 opere
1001 2648 1118 2731 plenius

176 2732 360 2807 dictumest,
378 2743 408 2792 et
428 2730 457 2791 in
475 2730 534 2792 hoo
556 2754 648 2818 saepe
667 2750 819 2812 tractatur,
837 2748 868 2797 et
882 2736 980 2797 adhuc
996 2752 1117 2815 sparge-

175 2830 222 2878 tur
236 2814 373 2877 omnibus
388 2814 474 2875 locis.
515 2814 691 2901 Loquentes
708 2820 786 2882 enim
798 2820 837 2881 de
849 2832 965 2893 ornatu,
978 2817 1118 2895 subinde,

176 2920 252 2984 quae
268 2898 327 2962 sint
340 2898 471 2977 vitanda,
489 2899 594 2965 similia
609 2905 763 2967 virtutibus
778 2904 849 2965 vitia
865 2903 1011 2966 dicemus.
1126 2914 1151 2955 ὓ

222 2984 300 3050 Sunt
320 2984 451 3047 inornata
472 2984 618 3051 ethaeo:
649 2990 739 3065 Quod
760 2989 838 3050 maio
861 2986 1038 3069 dispositam
1063 2995 1118 3063 est,

175 3071 210 3134 id
241 3081 479 3149 ἀνοικονόμητονε
527 3070 619 3146 Quod
647 3075 725 3136 male
750 3071 935 3157 figuratum,
966 3070 1000 3131 id
1029 3081 1119 3152 άσχή.

175 3188 262 3237 μαῖον
278 3190 288 3225 .-
317 3158 408 3237 Quod
429 3158 506 3220 malt
522 3161 713 3237 collocatum,
725 3159 760 3220 id
776 3167 979 3219 κακοσύνθετον
993 3172 1115 3222 vocant.

179 3244 243 3309 Sed
257 3248 296 3309 de
307 3243 501 3325 dispositione
514 3242 643 3308 diximus
660 3267 668 3307 ε
685 3246 723 3307 de
730 3241 848 3327 figaris
862 3257 893 3306 et
907 3244 1117 3325 compositione

178 3328 324 3391 dicemus.
372 3337 525 3404 Kossoanos
541 3350 660 3412 quoque
680 3331 845 3413 appellatur
860 3328 1007 3412 quaedam
1025 3329 1149 3391 mixtam

178 3432 218 3475 ex
232 3412 314 3475 varia
328 3412 441 3475 ratione
456 3414 619 3495 linguamm
634 3414 741 3492 oratio,
758 3427 801 3491 ut,
814 3414 839 3475 si
856 3412 969 3475 Atticis
985 3412 1116 3491 Dorica,

179 3496 296 3575 Ionica,
324 3497 456 3560 Aeolica
479 3498 568 3560 etiam
593 3499 675 3562 dieta
700 3497 874 3561 confundas.
934 3497 994 3560 Cui
1021 3499 1117 3561 simile

178 3582 282 3648 vitium
297 3597 344 3647 est
366 3582 445 3667 apud
459 3601 527 3661 nos,
544 3582 568 3645 si
583 3584 650 3667 quis
671 3582 806 3647 sublimia
829 3581 999 3661 humilibus,
1016 3597 1118 3646 vetera
