2459 4200
165 302 230 365 Μ
444 316 481 363 tt.
502 317 596 361 ranrr
612 316 836 371 enrnrtntanr

165 490 240 553 apros
254 469 411 553 componit
429 482 479 533 ant
498 469 638 553 litigator,
655 469 705 551 qui
725 466 857 551 confugit
876 468 916 530 ad
935 480 1103 551 mannum,

165 554 233 637 qnia
252 554 293 617 liti
314 554 378 638 ipse
398 575 457 618 non
478 555 586 619 suffieit
603 576 611 616 r
635 568 685 617 not
699 554 805 637 aliquis
819 574 859 615 ex
874 574 913 615 eo
927 574 1034 635 genere
1049 556 1105 616 ad·

164 654 352 716 vocatorum,
368 641 419 724 qni
440 660 473 704 se
493 662 552 703 non
575 660 666 724 posse
687 660 776 723 agere
790 639 979 715 confitentur,
995 638 1104 702 deinde

165 720 276 789 laniunt
298 725 327 789 id
342 727 423 809 qood
445 740 492 789 est
514 726 542 789 in
565 726 683 808 agendo
697 724 913 787 difficillimum.
943 723 1105 807 Numqui

162 806 311 894 judicare,
328 812 397 894 quid
413 812 585 889 dieendum,
601 810 674 894 quid
688 810 943 886 dissimulandum,
960 810 1032 892 quid
1052 811 1125 872 dte-n

167 894 347 973 elinandum,
367 897 589 973 mutandumve,
611 896 781 977 fingendum
809 894 901 957 etiarn
928 895 978 971 sit,
995 909 1104 977 potest,

166 1000 220 1041 eur
240 1002 300 1043 non
323 980 361 1043 sit
382 996 492 1058 orator,
510 982 640 1064 qnando,
657 981 738 1063 quod
761 979 910 1043 difficilius
933 994 990 1056 est,
1006 995 1104 1041 orato·

165 1085 229 1127 rem
252 1064 351 1128 t'aoit?
396 1064 440 1128 Hi
464 1088 553 1149 porro
576 1088 635 1127 non
657 1079 770 1127 tantum
792 1079 948 1141 nocerent,
966 1066 992 1128 si
1005 1065 1104 1127 omnia

166 1150 341 1229 seriberent,
359 1151 399 1213 nti
418 1166 502 1233 gesta
521 1166 598 1214 sunt.
646 1150 736 1213 Nune
756 1149 913 1213 eonsilium
934 1164 965 1212 et
987 1150 1104 1212 colores

167 1233 320 1320 adjiciunt,
331 1250 361 1299 et
376 1236 472 1319 aliqua
488 1236 591 1321 pejora
602 1236 682 1298 veris
698 1256 705 1297 ε
729 1257 805 1319 qnae
821 1234 954 1319 plerique
970 1256 1040 1298 cum
1055 1256 1137 1297 ae·1o

167 1335 323 1404 ceperunt,
335 1337 449 1385 mutare
463 1321 546 1385 nefas
561 1322 681 1398 babent,
693 1335 722 1383 et
734 1321 814 1383 velut
829 1321 959 1383 themata
974 1320 1004 1383 in
1018 1321 1106 1383 sebo·

167 1404 202 1468 lis
219 1406 315 1489 posita
331 1408 512 1471 custodiunt.
559 1405 682 1470 Deinde
698 1405 968 1489 deprehenduntur,
986 1421 1017 1469 et
1037 1428 1106 1468 eau-

166 1510 242 1636 sqm,
259 1492 490 1637 qnamddiseere
513 1514 552 1555 ex
575 1492 635 1555 suis
660 1491 854 1574 litigatoribus
883 1491 1049 1567 noluerunt,
1065 1510 1106 1553 ex

166 1594 341 1637 aversanus
380 1590 485 1639 rseunt.

1215 749 1216 788 l

1215 809 1216 842 l

1214 869 1217 901 l

209 1656 355 1721 Liberum
375 1660 460 1743 igitur
476 1661 580 1723 demus
601 1675 670 1723 ante
689 1660 790 1723 omnia
811 1660 859 1738 iis,
876 1681 1000 1744 quonam
1017 1682 1138 1744 nego-rs

166 1743 239 1807 tion
261 1744 327 1822 erit,
345 1759 462 1829 tempus
485 1766 521 1809 ae
543 1745 669 1809 locum:
695 1746 947 1828 exhortemurque
969 1746 1059 1823 ultro,
1075 1760 1108 1809 ut

167 1830 267 1895 omnia
289 1832 452 1915 quamlibet
473 1831 601 1895 verbose
628 1846 660 1895 et
685 1832 763 1895 uude
785 1831 888 1895 volent
912 1831 1040 1914 repetita
1068 1851 1108 1894 ex

167 1928 302 1999 tempore
317 1932 478 2001 exponant.
526 1918 555 1981 N
558 1940 596 1980 on
612 1918 691 1979 enirn
710 1932 771 1981 tam
785 1917 873 1979 obest
886 1916 989 1979 audire
1003 1938 1108 2001 super·

165 2020 271 2075 vacua,
285 2021 375 2082 quam
390 2002 524 2083 ignorare
540 2003 720 2064 necessaria.
761 2000 949 2085 Frequenter
963 2017 1066 2065 autem
1079 2017 1109 2065 et

166 2082 270 2145 varlnus
287 2098 316 2146 et
331 2086 495 2148 remedium
512 2087 590 2149 iniis
606 2102 706 2150 orator
721 2088 862 2163 inveniet,
880 2109 955 2171 quae
970 2087 1137 2172 litigatoris
1217 2111 1219 2127 ·

166 2166 195 2230 in
210 2183 345 2232 neutram
360 2185 474 2254 partem
489 2173 600 2234 habere
615 2187 798 2236 momentum
814 2173 998 2236 videbantur.
1041 2174 1108 2236 Nee

166 2266 245 2352 tanta
260 2255 299 2319 sit
310 2271 415 2320 acturo
434 2258 595 2321 memoriae
611 2259 732 2337 fiducia,
749 2274 781 2321 ut
801 2259 990 2321 subscribere
1008 2260 1108 2322 audita

166 2355 275 2423 pigeat.

208 2423 277 2490 Nee
291 2427 387 2491 semel
400 2428 518 2492 audisse
534 2429 571 2492 sit
586 2429 658 2492 satis
674 2451 682 2490 ε
705 2429 859 2512 cogendus
873 2430 980 2492 eadem
1001 2428 1110 2492 iterum
1217 2466 1218 2515 q

166 2531 201 2572 ao
217 2513 335 2595 saepius
351 2513 453 2576 dicere
473 2514 611 2597 litigator,
629 2536 688 2576 non
708 2515 806 2578 solum
821 2515 889 2597 quia
907 2515 1042 2596 effugere
1057 2515 1139 2577 ali-ra
1217 2522 1218 2551 ³

165 2615 223 2758 qua
246 2597 340 2680 prima
361 2597 548 2680 expositione
572 2613 741 2681 potnerunt,
759 2599 934 2682 praesertim
956 2599 1109 2662 hominem
1217 2598 1218 2607 ’

182 2681 263 2759 quod
280 2701 371 2763 saepe
386 2681 498 2761 evenit)
519 2683 710 2764 imperitum:
734 2687 788 2746 sed
803 2684 906 2761 etiam,
917 2700 949 2746 nt
962 2684 1108 2763 solamon,

112 2793 114 2796 ·
164 2781 201 2822 an
217 2762 322 2823 eadem
340 2765 430 2824 dieat
478 2764 603 2826 Plurimi
618 2767 697 2826 enirn
712 2768 902 2843 mentiuntur,
914 2783 955 2843 et,
968 2783 1110 2851 tanquam
1217 2812 1218 2823 κ

163 2864 222 2906 non
243 2845 373 2907 doceant
395 2867 527 2922 eausam,
544 2849 600 2908 sed
622 2863 721 2928 agant,
738 2870 796 2911 non
818 2863 851 2910 ut
872 2871 943 2912 enm
964 2867 1109 2934 patrono,
1217 2872 1218 2899 ἐ

164 2929 219 2992 sed
245 2945 278 2993 ut
299 2952 369 2994 eum
391 2929 494 3016 judice
520 2931 688 3014 loquuntur.
735 2933 930 3016 Quapropter
955 2955 1138 3018 nunquamtr

165 3015 234 3080 satis
258 3017 439 3080 eredendum
462 3031 520 3095 est,
538 3018 592 3081 sed
614 3017 768 3100 agitandus
791 3020 926 3083 omnibus
948 3021 1059 3098 modis,
1079 3039 1109 3086 et
1134 3097 1141 3101 ,

165 3103 336 3182 turbandus,
353 3118 385 3166 et
405 3105 587 3167 evocandus.
635 3103 714 3168 Nam
734 3120 766 3169 ut
786 3104 910 3168 medicis
930 3127 990 3168 non
1011 3128 1107 3190 appa·

164 3189 258 3251 rentia
277 3190 370 3252 modo
386 3190 456 3254 vitia
477 3191 607 3254 curanda
630 3203 708 3268 sunt,
726 3193 781 3254 sed
803 3189 893 3254 etiam
914 3190 1103 3269 invenienda,

165 3291 241 3351 quae
257 3272 359 3350 latent,
377 3297 469 3358 saepe
485 3276 556 3359 ipsis
572 3297 620 3352 ea,
636 3276 686 3358 qui
701 3278 826 3340 sanandi
845 3292 923 3352 sunt,
939 3277 1105 3339 occulenti-

164 3353 245 3416 bus:
276 3356 316 3417 ita
337 3359 502 3424 advocatus
525 3361 619 3444 plora,
634 3383 723 3444 qnam
747 3361 950 3445 ostenduntur,
967 3361 1137 3444 aspiciat-ao
1214 3427 1218 3436 ,

207 3437 287 3503 Nam
302 3463 372 3504 cum
387 3446 457 3508 satis
473 3447 503 3508 in
522 3447 671 3510 audiendo
693 3448 852 3530 patientiae
870 3446 1057 3530 impenderit,
1072 3444 1104 3506 in

165 3521 252 3592 allam
267 3549 364 3589 rursus
386 3528 412 3589 ei
436 3550 593 3610 personam
614 3534 823 3596 transeundum
839 3547 897 3608 est,
914 3533 1104 3615 agendusque

164 3613 361 3692 adversarius,
380 3617 608 3698 proponendum
630 3617 772 3702 quiequid
795 3617 916 3681 omnino
939 3615 1102 3702 excogitari
