2459 4200
143 285 206 348 tta
424 297 461 340 rt.
482 295 576 339 rrrtr
595 293 818 346 susurratam

140 454 196 516 bos
205 468 325 534 quoque
340 447 503 510 studiorum
519 467 659 510 secessus
674 445 815 508 excurrit.
861 443 940 508 Nam
954 445 980 508 si
994 446 1083 512 nobis

140 537 203 600 sola
218 533 340 598 materia
355 531 444 596 fuerit
459 554 499 595 ex
514 531 627 609 litibus,
643 551 771 594 necesse
787 545 845 608 est,
862 532 1010 595 deteratur
1024 531 1082 596 ful·

140 641 205 704 gor,
217 634 247 682 et
260 619 400 682 durescat
415 618 568 694 articulus,
582 631 613 680 et
627 617 693 700 ipse
708 616 758 680 ille
771 638 877 680 mucro
888 616 996 701 ingenii
1006 639 1081 702 quo·

140 705 250 769 tidinna
265 725 364 788 pugna
378 704 561 766 retundatur.
1020 735 1024 742 ·

188 789 252 854 Sed
268 789 521 873 quemadmodum
544 785 710 850 forensibus
732 786 943 852 certaminibus
966 786 1133 852 anerei-s·

109 943 115 951 ,
142 889 234 951 tutos,
250 889 281 938 et
303 873 386 959 quasi
409 873 566 936 militantes
589 871 685 935 reficit
705 893 741 934 ac
762 887 880 956 reparat
903 873 979 936 baec
1003 873 1086 938 velut

143 961 241 1044 sagina
256 959 375 1022 dicendi
390 979 397 1020 :
421 958 465 1021 sic
480 958 688 1021 adolescentes
708 979 767 1020 non
782 957 893 1020 debent
913 958 1038 1021 nimium
1053 959 1086 1022 in

143 1044 214 1108 falsa
231 1065 330 1106 rerum
345 1043 472 1128 imagine
484 1043 623 1120 detineri,
641 1056 672 1105 et
685 1042 818 1105 inanibus
837 1043 1015 1121 simulacris,
1032 1067 1084 1107 us·

144 1151 201 1216 que
218 1129 305 1206 adeo,
319 1143 350 1192 ut
366 1129 488 1192 difficile
503 1129 541 1192 ab
556 1128 601 1192 his
616 1129 766 1211 digressos
780 1128 819 1191 sit
832 1127 1035 1206 assuefacere,
1046 1151 1086 1193 ne

145 1216 181 1280 ab
197 1215 255 1290 illa,
274 1214 302 1276 in
325 1235 383 1300 qua
406 1235 500 1298 prope
517 1213 744 1289 consenuerint,
761 1214 875 1291 umbra,
892 1213 1121 1278 veradiscri·1u

145 1300 234 1378 mina,
253 1300 333 1362 velut
347 1300 494 1382 quendam
515 1299 623 1376 solem,
640 1297 841 1362 reformident.
888 1297 984 1370 Quod
1005 1301 1085 1365 acci·

145 1385 225 1448 disse
237 1385 326 1447 etiam
340 1385 453 1447 Porcio
467 1383 602 1462 Latroni,
615 1384 665 1467 qui
676 1383 789 1467 primus
798 1384 870 1446 clari
879 1385 1005 1448 nominis
1014 1407 1085 1468 pro·

145 1466 240 1531 sessor
266 1467 330 1546 suit,
348 1469 490 1530 traditur:
522 1483 565 1544 ut,
585 1491 655 1532 cum
689 1469 729 1545 ei,
747 1491 892 1531 summam
919 1469 1085 1534 in'scbobs

145 1552 316 1636 opinionem
346 1553 501 1628 obtinenti,
520 1573 609 1614 causa
638 1554 668 1615 in
693 1553 760 1615 foro
787 1568 867 1617 esset
891 1554 1013 1633 oranda,
1029 1555 1086 1618 im·

167 1657 238 1698 ense
254 1635 383 1718 petierit,
401 1636 442 1697 uti
461 1636 600 1700 subsellia
620 1637 650 1700 in
672 1637 826 1701 basilicam
847 1639 1123 1707 transferrentur.rs

144 1657 192 1784 fta
208 1721 248 1783 illi
260 1721 377 1784 coelum
392 1743 501 1784 novum
514 1720 579 1799 fuit,
591 1736 623 1785 ut
637 1722 734 1785 omnis
749 1722 815 1807 ejus
830 1725 999 1811 eloquentia
1013 1747 1086 1790 con·
1114 1782 1119 1791 .

146 1806 230 1870 lineri
246 1821 328 1870 tecto
344 1828 380 1870 ac
396 1806 556 1890 parietibus
571 1809 732 1871 videretur.

189 1891 294 1964 Quare
312 1891 442 1977 juvenis,
459 1893 509 1976 qui
525 1890 670 1957 rationem
685 1893 855 1956 inveniendi
869 1893 1088 1978 eloquendique

146 1997 163 2038 a
179 1977 423 2058 praeceptoribus
440 1978 594 2060 diligenter
609 1979 761 2063 acceperit
777 1999 786 2040 t
809 1979 890 2062 quod
907 2001 966 2052 non
982 1993 1028 2042 est
1043 1981 1087 2042 in·

145 2059 218 2123 finiti
234 2059 345 2145 operis,
363 2059 388 2122 si
404 2061 515 2123 docere
538 2062 635 2125 sciant
653 2079 684 2127 et
702 2063 818 2127 velint:
841 2064 1123 2131 exercitationemm

147 2166 264 2231 quoque
290 2144 449 2228 modicam
462 2145 550 2210 fuerit
574 2164 767 2226 consecutus,
785 2162 935 2213 oratorem
955 2151 1012 2213 sibi
1035 2152 1087 2214 ali·

148 2252 248 2315 quem,
267 2230 346 2315 quod
373 2232 451 2317 apud
479 2231 607 2318 majores
629 2234 692 2299 fieri
716 2234 843 2312 solebat,
860 2235 980 2319 deligat,
997 2257 1088 2320 quem

147 2332 298 2404 sequatur,
316 2340 405 2403 quem
432 2319 561 2383 imitetur
577 2341 585 2395 ;
604 2319 726 2405 judiciis
751 2320 863 2383 intersit
885 2342 973 2404 quam
998 2321 1088 2404 pluri·

148 2403 215 2482 mis,
234 2417 263 2466 et
286 2404 323 2467 sit
346 2405 528 2483 certaminis,
546 2406 594 2468 cui
617 2406 789 2484 destinatur,
808 2404 945 2488 frequens
969 2420 1088 2491 specta·

147 2501 203 2550 tor.
254 2488 336 2551 Tum
358 2510 460 2553 causas
476 2489 525 2551 vel
548 2490 682 2566 easdem,
699 2512 773 2573 quas
795 2488 842 2573 agi
865 2491 1001 2568 audierit,
1018 2492 1125 2555 stiloco

147 2573 258 2654 etipse
274 2587 446 2657 componat,
463 2574 510 2635 vel
527 2574 616 2636 etiam
632 2575 714 2651 alias,
732 2596 819 2637 veras
832 2577 937 2654 modo,
953 2590 984 2640 et
998 2576 1088 2639 utrin-

147 2676 205 2739 que
220 2668 338 2732 tractet,
357 2672 398 2733 et,
415 2658 495 2739 quod
516 2658 545 2719 in
568 2658 776 2739 gladiatoribus
791 2658 854 2721 fieri
869 2656 1018 2738 videmus,
1035 2662 1089 2725 de·

148 2738 283 2799 cretoriis
299 2754 485 2815 exerceatur,
497 2754 528 2803 ut
543 2739 653 2803 fecisse
669 2741 794 2805 Brutum
811 2742 939 2807 diximus
954 2768 1010 2827 pro
1027 2744 1089 2809 Mi·

147 2822 226 2883 lone.
275 2818 387 2885 Melius
408 2824 479 2899 boc,
496 2845 585 2905 quam
601 2825 766 2887 rescribere
781 2824 932 2888 veteribus
947 2829 1090 2898 orationi-

147 2906 212 2982 bus,
231 2919 261 2967 ut
276 2904 348 2969 fecit
363 2906 485 2971 Cestius
500 2920 603 2969 contra
619 2907 778 2970 Ciceronis
793 2908 942 2971 actionem
957 2910 1125 2983 babitamrr

148 3012 201 3075 pro
218 2991 338 3069 eodem,
356 3015 425 3056 oum
442 2993 561 3057 alteram
581 3006 694 3076 partem
714 2993 784 3057 satis
804 3014 895 3056 nosse
909 3016 969 3059 non
984 3014 1090 3080 posset

147 3098 185 3139 ex
201 3077 265 3141 sola
281 3076 462 3143 defensione.

189 3162 287 3226 Citius
304 3179 402 3228 autem
427 3166 550 3229 idoneus
575 3164 630 3227 erit
647 3163 779 3248 juvenis,
796 3186 886 3249 quem
908 3177 1088 3253 praeceptor

147 3248 282 3326 coegerit
303 3248 332 3309 in
348 3250 544 3313 declamando
560 3270 648 3332 quam
670 3249 850 3313 simillimum
873 3274 940 3315 esse
955 3254 1086 3332 veritati,

147 3342 177 3390 ct
200 3350 253 3411 per
276 3344 353 3395 totas
377 3334 419 3395 ire
450 3334 611 3397 materias:
635 3356 759 3419 quarum
788 3358 865 3399 nunc
887 3336 1038 3417 facillima,
1055 3353 1122 3405 utar

147 3412 276 3477 maxime
291 3412 463 3481 favorabilia
478 3420 651 3503 decerpunt.
699 3420 827 3485 Obstant
842 3422 923 3501 huic,
940 3426 1021 3508 quod
1037 3448 1084 3489 se·

147 3499 244 3565 cundo
260 3500 330 3577 loco
345 3503 443 3585 posui,
462 3502 524 3567 fere
541 3506 627 3569 turba
641 3507 866 3591 discipulorum,
883 3523 914 3571 et
928 3528 1086 3574 consuetu·

147 3584 186 3647 do
203 3585 342 3651 classium
358 3588 447 3653 certis
463 3590 568 3654 diebus
586 3593 821 3656 audiendarum:
844 3594 983 3657 nonnihil·
997 3596 1086 3660 etiam
