2459 4200
351 261 504 308 snnncrr
522 261 672 316 aanor!
689 263 827 310 carras.
1030 253 1075 314 63

132 435 222 498 qnam
241 413 273 476 in
294 411 427 476 oratione
450 413 566 476 erudita
587 413 683 478 bom.
728 413 821 480 Clara
837 415 885 480 illa
899 430 989 502 atque
1004 419 1074 483 sub·

131 499 212 562 limis
228 498 404 582 plerumque
419 498 562 562 materiae
584 500 675 562 modo
690 501 840 564 cernenda
854 516 931 566 sunt.
979 501 1075 574 Quod

132 583 202 647 alibi
212 583 416 666 magnificum,
428 583 572 646 tumidum
587 584 665 646 abbi.
711 584 1075 670 Et,qnaebumiliacirca

132 689 181 731 res
196 689 332 752 magnas,
349 682 418 752 apta
438 667 520 732 circa
541 669 671 733 minores
685 670 833 734 ridentur.
880 671 935 752 Et,
952 672 1031 736 sicut
1044 673 1076 738 in

107 753 268 816 sortitione
281 753 379 816 'nitida
393 753 524 817 notabile
544 754 682 818 humilius
697 757 833 835 verbum,
850 771 881 821 et
894 757 977 821 velut
991 779 1074 822 mac·

133 837 183 900 ula
200 859 207 898 ι
231 837 271 900 ita
285 859 302 900 a
317 843 454 902 sermone
470 838 550 900 tenui
566 839 692 902 sublime
709 841 894 925 nitidumque
909 843 1073 922 discordat,

133 922 226 1006 litque
241 938 425 1006 corruptum,
442 923 512 1006 quia
527 923 555 984 in
572 924 660 1006 plano
674 941 778 988 tumet.

175 1019 337 1168 §llluqedam
359 1042 419 1083 non
440 1036 500 1084 tam
522 1021 648 1100 ratione,
664 1045 754 1106 qnam
776 1047 866 1088 sensu
882 1025 1073 1110 judicantur:

133 1118 189 1168 utr
214 1127 232 1167 u
256 1150 265 1183 ,

1 1215 2 1254 l
95 1201 124 1244 ro
350 1217 415 1228 —-
425 1205 498 1238 cama
508 1190 643 1255 jungebant
653 1191 754 1242 foedera
764 1207 850 1257 porca,

1 1285 2 1292 ’
131 1271 208 1338 fecit
223 1273 351 1356 elegans,
369 1272 451 1336 fictio
467 1273 593 1336 nominis
610 1295 618 1333 ε
642 1275 723 1356 quod
738 1274 763 1337 si
778 1275 883 1339 luisset
893 1295 998 1356 porco,
1015 1275 1075 1338 vile

133 1373 206 1421 erat.
254 1357 292 1419 In
307 1357 483 1442 quibusdam
501 1358 576 1421 ratio
597 1356 753 1421 manifesta
775 1373 831 1422 est.
879 1359 1026 1438 Risimus,
1044 1373 1076 1422 et

131 1442 250 1522 merito,
268 1465 363 1527 nuper
377 1447 512 1526 poetam,
529 1442 578 1526 qui
594 1443 722 1519 dixerat,

316 1545 469 1594 Praetextato
481 1545 505 1593 in
518 1545 578 1594 cirta
595 1546 678 1595 mores
688 1561 771 1596 rosere
783 1546 889 1598 Camilli.

96 1655 125 1696 re
177 1627 221 1692 At
236 1627 356 1712 Virgilii
371 1628 510 1692 miramur
525 1629 608 1707 illud,

434 1759 499 1768 —
508 1747 582 1795 saepe
594 1731 698 1798 exignus
709 1747 772 1782 mus.

173 1815 255 1878 Nam
276 1814 426 1900 epitheton
448 1816 588 1898 origum,
605 1831 708 1898 aptum
729 1815 883 1898 proprium
907 1815 1020 1894 effecit,
1036 1838 1073 1881 ne

134 1899 202 1982 plus
228 1914 482 1982 exspectaremus,
500 1913 530 1962 et
553 1920 641 1962 casus
664 1898 817 1983 singularis
840 1900 933 1984 magis
958 1901 1070 1980 decuit,

133 1997 164 2048 et
180 1984 311 2048 clausula
325 1985 389 2069 ipsa
405 1984 489 2048 unius
506 1983 648 2067 syllabae,
665 2006 724 2047 non
745 1983 863 2064 usitata,
881 1985 994 2051 addidit
1007 2008 1072 2073 gra·

1 2085 2 2090 ’
96 2068 214 2135 setiam.
264 2069 400 2135 Imitatus
416 2083 461 2133 est
477 2068 574 2154 itaque
590 2084 745 2155 utrumque
761 2069 919 2150 Horatius,

407 2209 473 2219 —-
481 2190 594 2231 noscetur
605 2182 722 2231 ridiculus
733 2197 796 2231 mur.

176 2282 245 2347 Nec
271 2284 407 2367 augenda
430 2306 549 2368 semper
571 2286 678 2359 oratio,
696 2284 750 2346 sed
765 2284 973 2349 summittenda
998 2304 1073 2347 non·

131 2390 281 2453 nunquam
311 2382 367 2432 est.
420 2368 496 2432 Vim
521 2368 609 2432 rebus
636 2367 794 2464 aliqnando
823 2366 985 2439 verborum
1008 2368 1074 2451 ipsa

131 2454 280 2517 humilitas
303 2454 400 2517 affert.
450 2453 513 2531 An,
539 2474 607 2515 cum
632 2452 705 2515 dicit
726 2451 756 2515 in
778 2450 924 2515 Pisonem
945 2450 1071 2531 Cicero,

96 2535 217 2599 ssCum
249 2536 308 2599 tibi
340 2547 402 2600 toto
425 2538 566 2620 cognatio
588 2558 712 2600 rumoso
738 2536 915 2617 odocbutur,
933 2537 1074 2602 incidisse

130 2622 249 2685 videtur
265 2623 294 2683 in
310 2623 461 2685 sordidum
483 2644 602 2699 nomen,
620 2644 678 2684 non
698 2643 737 2685 eo
755 2636 961 2705 contemptum
977 2623 1073 2687 bomi-

130 2706 188 2783 nis,
207 2727 294 2789 quem
311 2708 494 2770 destructum
508 2707 642 2785 volebat,
659 2706 807 2770 auxisse?

173 2788 256 2853 Cum
286 2790 343 2855 sint
373 2805 471 2854 entem
497 2792 589 2855 verba
615 2792 756 2874 proprio,
780 2790 869 2876 fleto,
897 2794 1070 2870 translata,-

130 2876 258 2959 propriis
275 2876 447 2959 dignitatem
462 2877 512 2939 dat
527 2877 694 2962 antiquitas.
741 2876 880 2961 Namque
895 2892 926 2941 et
942 2877 1072 2943 sanctio·

96 2980 193 3024 mrem
211 2974 241 3023 et
256 2960 348 3043 magis
365 2960 567 3025 admirabilem
579 2962 690 3024 iaciunt
705 2963 881 3037 orationem,
892 2962 999 3043 quibus
1013 2982 1073 3023 non

128 3044 255 3127 quilibet
279 3044 367 3108 luerit
391 3068 518 3109 usurus:
551 3066 649 3128 eoque
673 3058 845 3106 ornamento
868 3044 1004 3104 acerrimi
1024 3043 1072 3123 ju·

132 3128 204 3190 dicii
224 3128 264 3190 P.
282 3130 426 3214 Virgilius
448 3132 536 3194 unice
551 3144 598 3192 est
612 3150 694 3191 usus.
747 3126 814 3187 Olli
831 3125 921 3200 enim,
938 3138 970 3186 et
985 3124 1072 3208 quio·

129 3230 216 3290 uum,
230 3226 261 3276 et
275 3214 341 3292 mis,
359 3230 390 3280 et
400 3236 492 3298 pona,
509 3214 661 3299 pellucent
675 3225 705 3274 et
720 3222 879 3294 aspergunt
893 3209 983 3289 illam,
995 3230 1073 3295 qnae

130 3295 220 3360 etiam
236 3297 265 3359 in
287 3299 411 3382 picturis
433 3315 480 3363 est
499 3297 676 3382 gratissima,
692 3296 847 3360 vetustatis
871 3296 1072 3363 inimitabilem

96 3383 183 3444 esarti
199 3385 418 3448 auctoritatem.
468 3384 533 3448 Sed
553 3385 696 3446 utendum
715 3384 819 3461 modo,
835 3404 894 3445 nec
909 3405 949 3446 ex
963 3383 1072 3447 ultimis

129 3467 259 3531 tenebris
271 3471 445 3552 repetenda.
497 3468 581 3529 Satis
595 3482 643 3530 est
655 3482 740 3532 vetus
755 3488 763 3528 τ
787 3468 858 3566 quid
872 3490 998 3531 necesse
1014 3481 1071 3541 est,

131 3568 253 3633 quaeso,
278 3554 395 3633 dicere,
418 3553 540 3636 Oppido
556 3552 572 3615 ft
595 3553 659 3636 quo
676 3568 744 3617 sunt
760 3575 807 3617 usr
824 3553 973 3637 paululum
996 3564 1072 3612 tem·
