2459 4200
344 291 497 338 sanscrr
514 293 664 346 cuuusrr
680 294 818 340 cartre.
1005 285 1064 346 ttr

459 631 600 692 CAPUT
619 632 737 696 XXIV.

291 813 331 853 nn
346 811 526 854 ardunum
541 815 671 856 DIGMDI
686 815 727 856 u
739 815 897 860 ΤΙΙΡΟΙΙ.

168 949 339 1014 Maximus
356 972 431 1014 vero
452 952 615 1016 studiorum
630 951 743 1018 fructus
758 968 816 1032 est,
833 968 864 1018 et
877 955 961 1020 velut
979 977 1066 1042 prae·

123 1037 215 1100 mium
231 1038 386 1120 quoddam
405 1037 620 1121 amplissimum
644 1038 722 1122 longi
744 1040 867 1118 laboris,
883 1060 920 1104 cc
937 1052 1064 1127 terrum

123 1123 248 1188 dicendi
263 1121 426 1204 facultas:
449 1144 537 1206 quam
555 1124 605 1206 qui
628 1146 688 1187 non
710 1125 767 1188 erit
787 1142 980 1205 consecutus,
998 1150 1066 1192 mea

122 1208 246 1291 quidem
268 1208 414 1271 sententia
434 1207 570 1270 civilibus
591 1209 698 1272 officiis
714 1211 908 1288 renunciabit,
924 1225 956 1274 et
970 1212 1066 1292 sqlam

101 1293 275 1356 ⁵scribendi
299 1292 473 1356 facultatem
502 1293 602 1376 potius
631 1294 671 1356 ad
700 1294 757 1356 elia
778 1315 870 1376 opera
894 1310 1062 1358 convertet.

124 1377 191 1440 Vix
207 1378 284 1440 enim
303 1379 399 1442 bonae
415 1378 485 1442 fidei
503 1378 568 1441 viro
589 1378 730 1440 convenit
753 1378 895 1442 auxilium
916 1379 946 1442 in
968 1380 1065 1464 publi·

123 1485 192 1528 cum
216 1463 366 1546 polliceri,
384 1464 464 1548 quod
488 1463 517 1526 in
539 1463 788 1546 praesentissimis
803 1464 971 1550 quibusque
986 1465 1066 1550 peri·

123 1547 199 1612 culis
215 1548 294 1612 desit
310 1571 317 1609 τ
340 1565 373 1611 ut
388 1564 551 1612 monstrare
567 1562 696 1632 portum,
712 1550 750 1614 ad
766 1571 856 1634 quem
875 1551 959 1615 uaris
974 1573 1064 1616 acce·

123 1635 207 1712 dere,
225 1634 280 1697 nisi
303 1634 417 1698 leuibus
436 1634 532 1698 ventis
551 1647 651 1711 vectu,
668 1657 728 1700 nnn
749 1635 855 1719 possit.
905 1636 942 1702 Si
964 1637 1064 1701 uidem

89 1719 350 1782 ruinnumerabiles
381 1719 520 1782 accidunt
549 1720 664 1782 subitae
689 1721 897 1798 necessitates,
914 1658 965 1784 vd
986 1722 1065 1804 apud

121 1804 322 1887 magistratus,
339 1805 387 1867 uel
403 1804 631 1889 repraesentatis
648 1803 929 1886 judiciis-continuo
943 1805 1061 1886 agendi.

123 1889 264 1960 Quarum
285 1890 308 1952 si
323 1910 391 1972 qua,
409 1909 468 1951 nun
485 1887 554 1950 dico
577 1888 747 1970 cuicunque
766 1887 969 1952 innocentium
990 1888 1065 1952 ciri·

122 1995 187 2051 um,
212 1974 266 2036 sed
291 1975 455 2037 amicorum
477 1995 514 2037 ac
536 1973 771 2058 propinquorum
799 1973 887 2037 alicui
917 1974 1063 2054 evenerit,

122 2058 248 2124 stabitne
271 2074 380 2138 mutus,
397 2075 427 2123 et
450 2060 607 2125 saiutarem
630 2059 799 2144 petentibus
813 2081 935 2141 vocem,
951 2061 1063 2141 statim,

90 2146 147 2209 issi
161 2166 222 2209 non
240 2160 438 2221 succurratur,
455 2146 603 2229 perituris,
621 2167 720 2209 moras
742 2162 779 2209 et·
794 2168 951 2211 secessum
972 2162 1004 2211 et
1024 2147 1064 2210 si·

122 2230 244 2294 lentium
262 2244 395 2315 quaeret,
414 2232 483 2293 dum
505 2231 553 2293 illa
577 2230 668 2292 verba
688 2228 880 2306 fabricentur,
898 2243 929 2291 et
950 2249 1064 2291 memo·

123 2316 182 2379 riae
197 2317 334 2393 insidant,
352 2330 382 2378 et
397 2338 459 2378 vox
475 2336 511 2377 ac
526 2315 602 2376 latus
621 2313 841 2396 praeparetur?
885 2312 976 2381 Quae
993 2332 1065 2375 vero

53 2480 56 2483 Ι
124 2402 231 2485 patitur
252 2402 310 2463 hoc
334 2402 420 2478 ratio,
439 2415 469 2462 ut
485 2399 640 2482 quisquam
662 2397 701 2459 sit
722 2409 822 2483 orator
843 2396 1005 2479 imparatus
1026 2397 1064 2460 ad

123 2487 238 2549 casus?

88 2592 117 2641 ao
167 2572 262 2650 Quid,
275 2592 342 2634 cum
360 2568 530 2633 adversario
542 2567 782 2652 respondendum
795 2567 862 2645 erit,
873 2568 925 2631 fiet
940 2566 952 2628 ἓ
985 2563 1065 2629 Nam

123 2678 215 2740 saepe
238 2680 285 2735 ea,
303 2678 379 2740 quae
402 2655 513 2737 opinati
538 2677 651 2731 sumus,
669 2668 700 2717 et
721 2668 823 2717 contra
844 2674 920 2737 quae
944 2652 1064 2737 scripsi·

123 2762 200 2818 mus,
214 2742 375 2819 fallunt,‘ac
390 2755 453 2803 tota
469 2740 566 2804 subito
583 2761 673 2804 causa
689 2754 816 2803 mutatur
832 2760 840 2814 ;
863 2754 952 2825 atque
967 2754 998 2803 ut
1013 2760 1064 2823 gu-

123 2826 272 2891 bernatori
288 2828 326 2890 ad
342 2827 475 2889 incursus
491 2840 714 2910 tempestatum,
732 2827 777 2889 sic
797 2827 896 2909 agenti
915 2827 953 2889 ad
968 2825 1064 2890 varie·

123 2926 214 2975 tatem
230 2934 385 2976 causarum
401 2911 475 2974 ratio
491 2914 632 2975 mutanda
646 2926 702 2974 est.
751 2911 835 2980 Quid
851 2932 942 2993 porro
957 2911 1065 2972 multus

90 2996 219 3074 assutus,
237 3012 267 3059 et
285 2996 404 3059 assidue
421 2996 525 3071 lectio,
543 3010 573 3057 et
590 2997 677 3074 longa
697 2995 861 3055 studiorum
883 3006 966 3052 aetas
981 2991 1064 3066 iacit,

124 3083 148 3145 si
179 3095 279 3143 manet
308 3079 426 3154 eadem,
447 3097 524 3159 quae
554 3077 608 3151 suit
637 3073 857 3156 incipientibus,
880 3072 1066 3132 difficultas?

123 3164 259 3241 Periisse
274 3160 411 3244 profecto
430 3161 631 3221 confitendum
649 3171 695 3219 est
712 3154 904 3241 praeteritum
920 3154 1064 3234 laborem,

123 3250 174 3315 cui
190 3266 310 3330 semper
325 3245 407 3307 idem
421 3244 685 3307 laborandum‘est.
725 3240 833 3324 Neque
848 3261 905 3324 ego
920 3241 979 3305 hoc
995 3263 1064 3327 ago,

124 3350 157 3399 ut
171 3356 212 3397 ex
227 3347 363 3416 tempore
379 3329 481 3392 dicere
496 3330 588 3407 malit,
606 3329 660 3393 sed
676 3342 707 3391 ut
723 3325 828 3413 possit.

93 3442 119 3485 at
169 3418 208 3483 Id
222 3432 321 3481 autem
336 3415 466 3479 maxime
482 3415 540 3477 hoc
556 3416 648 3478 modo
663 3434 892 3498 consequemur.
956 3456 959 3461 -

168 3503 249 3568 Nota
264 3504 302 3568 sit
317 3503 444 3588 primum
455 3502 575 3565 dicendi
587 3502 650 3565 via,
685 3500 792 3585 Neque
807 3502 885 3565 enim
901 3501 1066 3585 prius-con·

128 3592 239 3674 tingere
262 3612 366 3655 cursus
388 3601 500 3673 potest,
518 3608 605 3671 quam
631 3586 799 3671 scierimus,
816 3609 877 3672 qun
899 3587 937 3649 sit
958 3596 988 3647 et
1009 3600 1067 3665 qua
