2459 4200
357 317 509 360 sessura
527 315 677 369 ausuras
694 317 831 375 curren.
1018 307 1080 368 12⁷

136 465 295 532 Lucilium
302 465 402 552 flucre
416 469 604 546 lutulentum,
616 483 658 546 et,
670 489 729 532 crac
740 469 872 553 ahquid,
885 469 967 553 quod
977 471 1082 535 tellcrc

129 556 241 636 porcia
258 569 352 638 putat.
400 553 479 617 Nam
499 569 529 618 et
548 555 674 618 eruditio
689 555 720 617 in
734 577 773 618 eo
791 556 876 633 mira,
894 571 925 620 et
944 555 1078 637 libertas,

133 655 163 704 at
185 663 222 704 ue
239 640 308 702 inde
324 640 485 718 acerbitas,
502 653 533 704 et
547 641 666 704 abunde
681 641 762 704 salis.

217 727 278 789 ulto
293 739 340 789 est
355 725 462 789 tersior
477 747 513 788 ac
529 747 620 810 purus
636 727 729 810 mapa
748 727 909 804 Horatiae,
926 740 957 790 et
972 728 1010 790 ad
1025 749 1080 791 no·

110 813 243 875 atandos
262 811 415 874 hominum
435 832 534 875 mores
556 812 745 896 praecipuus.
795 811 924 875 Multum
945 826 975 874 et
989 833 1080 878 verne

133 897 257 980 gloriae,
274 897 409 980 quamvis
426 918 485 959 uno
500 897 588 974 libro,
606 898 733 960 Pcrrius
748 897 863 960 meruit.
914 897 992 962 Sunt
1007 898 1079 961 clari

132 983 295 1066 hodieque,
322 997 353 1046 et
379 982 429 1066 qui
456 982 527 1046 olim
553 983 791 1046 nominabuntur.
840 980 980 1046 Alterum
1007 983 1080 1048 illud

133 1068 223 1131 etiam
239 1069 320 1152 prius
339 1069 446 1131 satirae
465 1089 568 1152 genus,
586 1069 641 1132 sed
662 1090 722 1132 non
739 1070 804 1132 sola
823 1069 986 1132 carminum
1002 1069 1079 1132 vari·

134 1167 211 1216 etate
235 1153 361 1216 mixtum
385 1154 520 1216 condidit
543 1154 704 1216 Terentius
728 1155 837 1231 Varro,
854 1155 898 1217 vir
921 1153 1079 1218 Romano·

98 1259 124 1300 rc
132 1259 197 1302 rum
220 1239 447 1302 eruditissimus.
496 1238 648 1301 Plurimos
673 1239 720 1300 hic
745 1238 837 1301 libros
859 1254 890 1301 et
913 1239 1079 1301 doctismos

133 1325 315 1408 composuit,
333 1324 528 1408 peritissimus
549 1323 666 1405 linguae
688 1321 827 1400 Latinae,
845 1338 873 1385 et
892 1323 988 1385 omnis
1004 1322 1079 1385 anti·

132 1411 263 1494 quitatis,
281 1425 311 1472 et
326 1430 424 1472 rerum
441 1408 631 1472 Graecarum
646 1422 883 1492 nostrarumque,
897 1408 963 1492 plus
978 1421 1078 1470 tamen

132 1495 275 1558 scientiae
291 1495 463 1573 collaturus,
481 1515 569 1578 quam
586 1494 783 1577 eloquentiae.

176 1579 299 1644 Iambus
318 1601 376 1642 non
396 1602 466 1643 sane
486 1602 502 1642 a
521 1580 672 1644 Romanis
692 1580 858 1644 celebratus
882 1592 940 1657 est,
957 1592 989 1642 ut
1007 1599 1077 1663 pro·

97 1666 228 1750 reprium
251 1687 352 1751 opus;
375 1665 553 1749 quibusdam
580 1666 795 1750 interpositus:
819 1665 905 1750 cujus
927 1665 1076 1728 acerbitas

131 1751 160 1813 in
192 1751 329 1830 Catullo,
350 1752 515 1829 Bibaculo,
536 1751 678 1827 Horatia,
696 1771 865 1835 quanquam
891 1750 932 1811 illi
959 1750 1077 1831 epodos

130 1836 312 1900 intervenire
327 1837 502 1921 reperiatur.

178 1921 224 1984 At
240 1921 421 2006 Lyricorum
437 1923 516 1985 idem
537 1921 687 1983 Horatius
702 1919 764 1984 fere
783 1919 864 1982 solus
883 1916 941 2001 legi
958 1917 1073 2000 diguus.

130 2006 213 2070 Nam
229 2022 259 2070 et
274 2008 394 2092 insurgit
409 2008 579 2092 aliquando,
598 2021 628 2069 et
649 2007 753 2091 plenus
774 2020 820 2069 est
838 2003 1032 2090 jucunditatis
1047 2017 1078 2068 et

96 2093 254 2178 agrariae,
270 2109 299 2157 et
315 2094 403 2158 variis
418 2094 517 2179 figuris
534 2109 564 2157 et
578 2093 677 2157 verbis
693 2091 865 2157 felicissime
881 2091 989 2155 audax.
1040 2089 1076 2157 Si

133 2181 281 2264 quendam
304 2180 434 2265 adjicere
457 2181 544 2253 velis,
562 2180 587 2243 is
610 2181 666 2242 erit
688 2179 816 2242 Caesius
840 2178 969 2251 Bassus,
986 2194 1078 2259 quem

134 2288 228 2350 nuper
246 2266 397 2331 vidimus:
422 2266 475 2329 sed
495 2286 564 2329 eum
584 2265 673 2346 longe
695 2264 879 2346 praecedunt
901 2260 1018 2341 ingenia
1032 2259 1076 2321 vi·

135 2366 276 2415 nentrum.
824 2385 826 2392 ι

179 2436 371 2521 Tragoedias
395 2436 556 2519 scriptores
580 2447 713 2497 veterum
731 2430 845 2493 decius
866 2442 954 2512 atque
975 2427 1077 2489 Pacu·

96 2523 201 2584 maius
225 2522 379 2586 clarissimi
406 2522 549 2606 gravitate
576 2518 799 2595 sententiarum,
817 2516 976 2579 verborum
1002 2534 1077 2597 pon·

134 2608 219 2686 dere,
236 2608 411 2673 auctoritate
430 2629 634 2693 personarum.
681 2605 827 2670 Ceterum
847 2602 935 2679 nitor,
953 2614 983 2663 et
997 2620 1077 2663 snm·

134 2714 185 2757 ma
207 2694 236 2756 in
256 2694 432 2759 excolendis
453 2694 593 2777 operibus
617 2714 732 2770 manus,
750 2690 843 2774 magis
861 2687 956 2752 videri
978 2698 1078 2773 potest

134 2781 330 2863 temporibus,
348 2801 436 2864 quarn
455 2779 527 2864 ipsis
544 2777 685 2843 defuisse.
719 2778 839 2842 Virium
858 2789 957 2840 tarneu
974 2773 1077 2836 Accio

134 2864 201 2948 plus
232 2866 389 2929 tribuitur:
414 2866 581 2929 Pacuvium
610 2865 705 2928 videri
732 2863 911 2939 doctiorem,
929 2860 979 2943 qui
1009 2879 1078 2923 esse

80 2950 216 3013 'audacti
242 2952 396 3028 affectant,
412 2952 526 3016 volunt.
574 2950 648 3013 Jam
676 2950 763 3012 Varii
792 2948 934 3027 Tbycstcr
956 2944 1078 3005 cuilibet

135 3034 322 3099 Graecarum
345 3036 513 3117 comparari
535 3047 645 3116 potest.
671 3054 676 3059 ·
698 3030 804 3091 Ovidii
823 3028 941 3088 Mcdco
962 3025 1079 3119 videtur

132 3121 206 3183 mihi
230 3119 400 3194 ostendere,
418 3126 559 3200 quantum
582 3116 631 3177 ille
653 3115 697 3176 vir
720 3124 872 3196 praestare
894 3119 1035 3189 potuerit,
1054 3128 1078 3169 ss

133 3201 254 3289 ingenio
270 3223 325 3264 suo
341 3216 507 3285 temperare
523 3222 612 3284 quam
630 3197 784 3281 indtdgere
803 3192 967 3257 maluisset.
1013 3190 1078 3255 Ec·

134 3312 199 3353 rum
212 3309 288 3373 quos
300 3286 437 3364 viderim,
448 3286 536 3369 longe
552 3286 692 3370 princeps
706 3279 893 3365 Pomponius
908 3279 1077 3360 Secundus,

98 3390 225 3461 ”quem
240 3395 328 3438 senes
344 3394 448 3458 parum
468 3373 612 3455 tragicum
631 3372 784 3456 putabant,
802 3366 967 3431 eruditione
983 3388 1020 3431 ac
1036 3366 1078 3430 ni·

135 3474 200 3524 tore
215 3474 368 3545 praestare
383 3460 610 3523 confitebantur.
764 3458 779 3469 '

180 3546 216 3609 In
232 3546 390 3611 comoedia
407 3546 536 3609 maxime
553 3543 755 3607 claudicamus
772 3563 780 3618 ;
802 3542 874 3605 licet
889 3540 989 3602 Varro
999 3534 1086 3625 Mar-⁶

136 3652 195 3709 aar,
210 3632 293 3697 Aelii
312 3632 436 3701 Stilonis
452 3630 609 3709 sentent-ia,
629 3630 777 3693 Plautino
793 3627 872 3691 dicar
886 3640 1019 3687 rcrurouc
1036 3620 1076 3683 lo·
