2459 4200
342 269 496 314 sunncrs
513 269 663 322 cunnus
681 273 818 317 csrrrr.
1003 261 1067 324 led

161 417 218 484 Est
247 419 335 504 igitur
365 443 435 484 usus
464 420 586 504 quidam
614 422 801 503 irrationalis,
829 445 919 509 quern
949 425 1064 494 Graeci

116 511 214 588 eloym
228 513 327 587 τριβήν
342 520 464 584 vocant,
482 527 540 592 qun
563 529 665 572 manus
688 509 718 571 in
740 510 901 574 scribendo
919 511 1063 595 decurrit,

116 613 175 676 qua
193 593 274 656 oculi
297 606 377 655 totos
400 591 488 656 simul
509 592 538 654 in
561 591 691 658 lectione
705 617 823 674 versus,
841 596 997 682 flexusque
1009 621 1064 664 eo·

43 717 48 722 -
116 699 184 740 rum
195 693 226 742 et
237 678 376 755 transitus
388 677 548 756 intuentur,
561 693 591 742 et
602 694 671 743 ente
686 680 839 765 sequentis
850 682 965 761 vident,
974 705 1064 768 quum

96 764 218 848 aptiora
233 765 381 827 dixerunt.
430 762 504 834 Quo
523 777 661 828 constant
682 767 826 832 miracula
847 767 897 832 illa
915 768 946 830 in
966 771 1064 835 scenis

118 848 289 932 pilariorum
305 871 341 914 ac
357 849 579 928 ventilatorum,
598 864 630 914 ut
643 872 691 930 ea,
707 873 785 936 quae
807 852 971 933 emiserint,
987 853 1065 918 ultro

117 935 221 998 venire
238 936 267 998 iu
282 957 386 998 manus
403 935 521 1011 credas,
539 950 569 998 et
585 957 643 1020 qua
654 935 797 1021 jubentur
810 940 982 1003 decurrere.

162 1019 230 1084 Sed
246 1021 295 1083 hic
311 1043 381 1084 usus
397 1019 437 1082 ita
452 1021 596 1105 proderit,
614 1022 640 1086 si
656 1043 703 1100 ea,
714 1024 753 1086 de
769 1045 827 1108 qua
841 1024 934 1088 locuti
948 1047 1062 1106 sumus,

118 1125 166 1169 ars
181 1106 389 1182 antecesserit,
402 1120 434 1168 ut
449 1106 546 1189 ipsum
562 1107 646 1184 illud,
658 1109 740 1191 quod
754 1111 784 1171 in
798 1131 833 1173 sc
843 1110 990 1174 rationem
1004 1133 1064 1174 non

86 1190 221 1270 rehobot,
232 1191 261 1253 in
277 1191 391 1253 ratione
407 1204 553 1253 versetur.
594 1191 674 1254 Nam
688 1194 760 1255 milri
775 1215 814 1256 ne
829 1195 931 1258 dicere
942 1195 1064 1278 quidem

117 1277 248 1354 videtur,
265 1275 320 1340 nisi
337 1276 387 1360 qui
403 1276 561 1359 disposite,
577 1291 694 1356 ornate,
706 1278 833 1361 copiose
849 1279 933 1356 dicit,
950 1280 1003 1342 sed
1019 1293 1064 1342 tu-

117 1362 265 1425 multuari.
305 1361 373 1424 Nec
389 1359 500 1424 fortuiti
516 1365 661 1424 sermonis
677 1377 850 1426 contextum
867 1362 997 1426 mirabor
1011 1385 1063 1426 un·

117 1467 326 1534 quamquem
349 1445 535 1531 jurgantibus
562 1446 651 1510 etiam
677 1448 857 1512 mulierculis
881 1448 1064 1532 superfluere

117 1533 211 1595 rideo
226 1553 233 1593 :
258 1553 328 1594 curn
344 1553 381 1594 eo
396 1532 488 1614 quod,
507 1531 532 1594 si
547 1532 632 1594 calor
646 1555 681 1596 ac
697 1533 817 1618 spiritus
832 1534 909 1612 tulit,
924 1533 1063 1618 frequen·

86 1635 111 1674 rs
118 1629 164 1680 ter
180 1617 301 1694 accidit,
320 1630 351 1679 ut
374 1637 549 1680 successum
571 1620 808 1703 extemporalem
827 1619 973 1703 consequi
992 1641 1064 1696 erpa

117 1723 177 1764 non
194 1702 300 1786 possit.
347 1701 452 1764 Deum
467 1716 538 1764 tunc
554 1703 688 1781 affuisse,
705 1726 776 1766 cum
789 1705 820 1767 id
836 1705 998 1780 evenisset,
1010 1725 1063 1767 ve·

115 1801 199 1850 teres
215 1801 360 1864 oratores,
379 1799 410 1850 ut
425 1785 539 1849 Cicero
554 1787 607 1862 ait,
625 1787 810 1850 dictitabant.

166 1871 234 1936 Sed
254 1872 326 1934 ratio
346 1870 502 1934 manifesta
521 1884 577 1936 est.
625 1870 704 1934 Nam
719 1871 799 1932 bene
813 1869 955 1954 concepti
969 1870 1064 1934 allec·

116 1971 169 2020 tus
186 1969 216 2020 et
234 1971 370 2020 recentes
389 1977 489 2020 rerum
509 1954 652 2038 imagines
671 1955 813 2019 continuo
833 1955 947 2042 impetu
966 1954 1064 2020 serim·

85 2065 109 2107 eo
118 2055 179 2121 tur,
197 2061 272 2126 quae
287 2061 495 2129 nonnunquam
510 2061 593 2104 mora
615 2041 674 2105 stili
688 2040 894 2127 refrigescunt,
911 2056 942 2106 et
956 2042 1063 2107 dilatae

117 2148 178 2190 non
194 2142 389 2191 revertuntur.
416 2164 421 2178 »
438 2126 552 2209 Utique
574 2148 649 2189 vero
668 2150 741 2191 cum
761 2126 864 2192 infelix
885 2128 934 2190 illa
954 2129 1063 2191 verbo·

117 2234 185 2275 rum
200 2212 348 2275 cavillatio
363 2212 504 2287 accessit,
523 2223 553 2273 et
567 2232 672 2272 cursus
691 2212 730 2272 ad
749 2212 862 2292 singula
876 2211 1002 2290 vestigia
1015 2230 1063 2270 re·

118 2298 204 2376 stitit,
221 2320 281 2359 non
303 2311 403 2381 potest
426 2294 494 2359 serri
517 2307 654 2356 contorta
673 2294 731 2370 vis,
748 2294 814 2367 sed,
832 2306 865 2355 ut
881 2292 995 2374 optime
1009 2312 1063 2353 vo·

118 2404 190 2445 cum
213 2382 391 2467 singularum
410 2380 499 2445 cedat
521 2378 644 2455 electio,
660 2397 719 2439 non
742 2375 893 2454 continua,
910 2376 964 2437 sed
979 2396 1063 2437 com·
1084 2386 1092 2391 “

84 2468 219 2553 reposita
234 2482 291 2531 est.

165 2552 269 2624 Quare
296 2551 462 2637 capiendae
488 2562 554 2612 sunt
581 2547 660 2627 illae,
678 2548 717 2610 de
738 2546 845 2629 quibus
867 2544 942 2621 dixi,
965 2566 1064 2609 rerum

120 2638 274 2721 imagines,
288 2658 361 2722 quas
377 2635 480 2699 vocari
496 2648 654 2713 φαντασίας
669 2631 876 2711 indicavimus,
890 2630 1061 2715 omniaque,

120 2723 161 2785 de
183 2724 287 2807 quibus
312 2722 418 2786 dicturi
442 2721 562 2799 erimus,
580 2740 740 2805 personae,
757 2718 959 2802 quaestiones,
977 2738 1061 2801 spes,
1143 2735 1146 2742 ·

119 2822 228 2886 metus,
245 2810 381 2871 habenda
396 2808 423 2870 in
441 2806 546 2885 oculis,
564 2807 593 2870 in
609 2807 737 2870 affectus
752 2804 933 2888 recipienda.
981 2803 1063 2867 Pec·
1161 2850 1164 2862 ‚

84 2906 166 2961 entus
183 2908 229 2957 est
245 2895 335 2971 enim,
353 2894 434 2976 quod
451 2892 577 2955 disertos
591 2892 675 2969 lacit,
693 2905 724 2953 et
738 2890 784 2952 vis
807 2890 926 2951 mentis.
973 2886 1063 2949 ldeo·

119 3000 177 3063 que
193 2979 336 3061 imperitis
352 2996 482 3059 quoque,
500 2977 524 3037 si
543 2977 636 3037 modo
656 2987 723 3035 sunt
743 2973 842 3050 aliquo
863 2971 1064 3061 affectu‘con·

119 3064 214 3137 citati,
231 3062 324 3123 verba
350 3082 409 3128 non
433 3059 549 3120 desunt.
599 3057 683 3117 Tum
712 3051 908 3113 intendendus
936 3069 1062 3127 animus,

116 3168 179 3211 non
196 3145 224 3203 in
241 3143 367 3225 aliquam
383 3164 447 3203 rem
464 3162 561 3216 unam,
579 3139 635 3201 sed
654 3138 683 3199 in
706 3135 805 3219 plures
827 3131 915 3195 simul
929 3132 1064 3198 coutinu-

117 3252 175 3295 as:
203 3240 243 3305 ut,
262 3227 286 3289 si
310 3248 364 3311 per
386 3226 512 3309 aliquem
535 3238 649 3287 rectam
670 3222 750 3284 viam
773 3220 921 3283 mittamus
944 3219 1062 3301 oculos,

86 3315 208 3381 nssimul
232 3312 342 3389 omnia,
361 3334 437 3399 quae
461 3324 527 3373 sunt
550 3311 579 3372 in
602 3330 640 3373 ea
662 3308 813 3390 circaque,
830 3305 988 3386 intuemur,
1004 3330 1065 3373 non

120 3399 254 3465 ultimum
271 3413 381 3462 tentum
397 3398 545 3470 videmus,
564 3396 616 3459 sed
633 3415 727 3478 usque
742 3394 781 3457 ad
795 3392 939 3457 ultimum.
959 3444 968 3465 χ

165 3484 217 3548 Ad
230 3486 390 3549 dicendum
407 3482 496 3547 etism
511 3482 607 3567 pudor
623 3480 757 3543 stimulos
773 3480 863 3543 habet
878 3496 909 3543 et
920 3479 1063 3546 dicendo·

120 3592 183 3635 rum
211 3584 386 3656 exspectata
412 3570 498 3633 laus:
530 3567 696 3651 mirumque
718 3566 813 3631 videri
840 3578 950 3649 potest,
968 3559 1061 3643 quod,¹
