2459 4200
346 318 499 368 snaacra
517 322 666 378 ananau
683 327 819 374 carana.
1003 322 1066 381 205

124 488 198 532 aero
213 489 318 553 magua
339 490 407 555 pars
426 489 472 537 est
490 476 633 541 exhausta
656 472 808 560 orationis,
826 483 866 545 uti
888 505 926 546 ue
949 484 1066 551 afflante

124 552 253 633 fortuna,
270 576 368 655 paene
388 559 486 623 omnia
502 561 622 642 decent,
639 566 729 627 sudor
749 566 815 651 ipse
831 504 1017 653 stlatigatio‚
1036 588 1066 637 et

123 641 321 723 negligentior
342 643 480 721 amictus,
499 660 528 708 et
551 648 646 710 soluta
667 671 701 711 ac
717 652 798 713 velut
819 652 921 715 labens
937 658 1065 739 undique

122 736 204 808 toga.
239 724 312 796 Quo
328 727 420 810 tnagis
436 730 528 793 miror
542 732 619 795 hanc
631 754 749 818 quoque
765 738 949 800 succurrisse
966 740 1065 805 Plinio

100 826 240 888 scuram,
257 824 289 873 ut
304 811 343 874 ita
359 813 479 876 sudario
495 813 622 880 frontem
637 818 744 882 siccari
755 819 887 905 juberet,
904 845 942 885 ne
958 840 1065 889 comae

27 954 34 981 ,
121 896 319 974 turbarentur,
337 916 410 979 quas
430 902 570 984 componi
593 918 664 985 post
685 906 824 987 paullum,
842 908 929 970 sicuti
946 909 1066 992 dignum

122 994 197 1057 erat,
214 982 342 1063 graviter
357 995 388 1044 et
403 1004 507 1048 severe
523 988 624 1050 vetuit.
675 987 751 1051 Mihi
768 1012 841 1053 vero
862 992 929 1055 illae
945 1015 1064 1079 quoque

122 1066 258 1128 turbatae
272 1085 346 1164 prae
362 1088 396 1130 se
411 1066 487 1131 serre
503 1070 612 1154 aliquid
632 1073 771 1153 affectus,
789 1077 899 1163 etipsa
915 1078 1063 1145 oblivione

123 1170 213 1213 curae
229 1151 316 1235 huJus
332 1155 535 1217 commendari
550 1157 697 1220 videntur.
746 1160 791 1222 At
809 1162 834 1223 si
856 1163 1063 1245 incipientibus

88 1250 172 1299 raam
187 1236 317 1321 paullum
333 1240 497 1321 progressis
514 1240 633 1303 decidat
648 1256 729 1325 toga,
746 1265 804 1306 non
821 1267 966 1330 reponere
983 1270 1061 1324 eam,

121 1340 244 1404 prorsus
259 1320 445 1406 negligentis,
462 1338 512 1388 aut
531 1325 617 1409 pigri,
635 1340 685 1389 aut
700 1330 852 1412 quomodo
868 1331 977 1394 debeat
992 1333 1070 1394 ami··

123 1405 177 1467 ciri
192 1406 352 1471 nescientis
369 1422 424 1471 est.

137 1528 142 1534 ·
165 1490 257 1554 Haec
270 1506 336 1555 sunt
347 1494 396 1555 vel
408 1494 619 1559 illustramenta
631 1498 894 1581 pronunciationis,
910 1502 958 1564 vel
968 1503 1039 1567 vitia
1054 1526 1068 1565 :-

122 1576 229 1660 quibus
245 1578 417 1663 propositis,
435 1581 525 1644 multa
541 1583 673 1665 cogitare
689 1585 778 1647 debet
793 1601 902 1649 orator.

87 1676 115 1717 te
167 1660 314 1741 Primum,
332 1665 410 1747 ptris,
422 1666 505 1751 apud
520 1688 603 1749 quos,
617 1670 723 1753 quibua
734 1673 942 1752 maerentibus
958 1673 997 1736 sit
1011 1696 1061 1737 ac·

121 1760 214 1810 turus.
261 1746 340 1811 Nam
364 1764 396 1813 ut
419 1752 520 1815 dicere
542 1752 600 1815 alia
627 1755 702 1831 aliis,
720 1770 751 1817 et
772 1777 789 1816 a
812 1758 852 1817 ud
873 1758 947 1818 alios
969 1758 1062 1839 magis

121 1852 300 1895 eoncessum
330 1848 398 1898 est:
429 1836 472 1899 sic
496 1836 585 1898 etiam
610 1837 721 1899 facere.
800 1860 877 1922 eque
901 1840 1008 1901 eadem
1033 1840 1061 1901 in

120 1936 212 1995 vnce,
229 1932 327 2001 gestu,
349 1920 479 1999 incessu,
500 1922 578 2005 apud
605 1922 783 2006 principem,
805 1936 949 2000 senatum,
967 1946 1070 2008 popu·-

120 2001 195 2079 lum,
213 2004 408 2088 magistratus,
426 2006 553 2090 private,
572 2008 693 2091 publico
705 2007 833 2093 judicio,
850 2010 1059 2093 postulatione,

86 2088 238 2153 erectione
260 2089 391 2155 similiter
407 2092 526 2156 decent.
574 2092 676 2165 Quam
693 2093 890 2160 differentiam
912 2096 1061 2184 subjioere

121 2173 177 2238 sibi
193 2175 330 2260 quisque,
348 2177 397 2261 qui
413 2179 542 2241 animum
558 2179 727 2257 intenderit,
744 2196 853 2264 potest.

135 2293 140 2302 ·
169 2259 251 2322 Turn
274 2283 332 2346 qua
356 2264 393 2325 de
416 2283 449 2324 re
472 2264 564 2339 dicat,
582 2277 612 2325 et
635 2264 755 2325 efficere
778 2265 849 2345 quid
870 2263 952 2324 velit.
1000 2263 1061 2324 Rei

122 2346 308 2430 quadruplex
328 2347 498 2410 observatio
517 2363 573 2409 est.
628 2347 696 2408 Utro
711 2348 740 2407 in
755 2361 818 2408 tota
833 2367 934 2409 causa.
985 2345 1062 2410 Sunt

123 2429 202 2492 enim
221 2431 331 2508 tristes,
350 2430 469 2508 hilares,
487 2431 645 2507 sollicitae,
662 2451 798 2507 securae,
815 2430 953 2514 grandes,
970 2429 1061 2512 pusil-

84 2514 189 2595 salae:
213 2530 245 2578 ut
259 2517 311 2580 vix
325 2536 454 2598 unquam
470 2515 510 2576 ita
525 2515 676 2577 sollicitari
691 2516 823 2598 partibus
839 2536 940 2578 aarum
952 2514 1062 2576 debea-

120 2621 199 2678 mus,
219 2615 252 2662 ut
277 2622 336 2661 non
359 2613 390 2662 et
411 2621 544 2662 summae
568 2600 799 2663 meminerimus.
848 2599 966 2675 Altera,
985 2619 1069 2682 quae·

120 2699 168 2748 est
193 2683 411 2746 indifferentia
434 2684 570 2767 partium,
588 2700 621 2748 ut
644 2685 674 2747 in
699 2686 866 2770 prooemio,
884 2685 1059 2762 narratione,

120 2768 386 2850 argumentatione,
405 2769 534 2855 epilogo.
589 2771 694 2834 Tertia
712 2771 742 2833 in
762 2771 914 2836 sententiis
931 2772 1015 2856 ipsis,
1032 2771 1060 2832 in

120 2853 227 2938 quibus
243 2855 406 2918 secundum
419 2877 466 2919 res
479 2872 508 2919 et
521 2857 647 2922 affectus
659 2857 807 2922 variantur
818 2859 927 2921 onmia.
960 2858 1061 2955 Quar-

85 2947 154 3000 ato
162 2939 197 3000 iri
212 2940 323 3020 verbis,
340 2963 464 3027 quorum
480 2955 511 3004 ut
527 2958 573 3005 est
587 2944 706 3018 vitiosa,
718 2943 743 3004 si
759 2945 880 3005 efficere
896 2963 995 3002 omnia
1008 2961 1069 3002 ve·-

121 3023 219 3101 limus,
236 3025 381 3087 imitatio:
405 3026 445 3088 ita
460 3027 638 3108 quibusdam
658 3025 713 3087 nisi
729 3046 782 3086 sua
797 3040 899 3086 natura
914 3023 1060 3098 redditur,

121 3109 279 3172 vis'ornnis
295 3108 431 3171 aufertur.

165 3185 260 3274 Igitur
280 3193 309 3254 in
329 3192 556 3271 laudationibus,
573 3193 630 3255 nisi
649 3193 674 3256 si
688 3190 827 3254 funebres
835 3202 937 3268 amnt,
954 3191 1069 3274 gratia—

121 3298 187 3341 rum
202 3277 333 3356 actione,
351 3278 569 3354 exhortatione,
586 3277 742 3351 similibus,
760 3277 887 3360 laeta-et
906 3277 1063 3362 magnifica

87 3363 314 3426 suetsublimis
342 3377 388 3427 est
417 3363 507 3427 actio.
555 3363 712 3427 Funebres
735 3361 907 3441 conciones,
925 3366 1063 3428 consola·

116 3448 231 3527 'tiones,
255 3450 430 3534 plerumque
460 3469 569 3513 causae
599 3467 729 3523 reorum,
748 3448 847 3511 tristes
871 3463 960 3533 atque
982 3469 1062 3511 surn-

123 3534 241 3597 missae.
288 3533 325 3597 Iu
340 3549 445 3598 senatu
459 3535 664 3598 conservanda
681 3533 853 3612 auctoritas,
870 3535 948 3625 apud
964 3548 1070 3613 popu-⁶

122 3617 184 3682 lum
200 3619 336 3704 dignitas,
354 3619 383 3682 in
405 3620 527 3703 privatis
550 3621 668 3683 modus.
715 3616 770 3683 De
792 3619 926 3704 partibus
941 3631 1066 3686 causae,
