2459 4200
172 265 217 328 48
464 277 502 322 rr.
522 275 619 322 narrt
636 275 861 330 aornrrnrarr

173 451 244 496 nere
258 428 393 492 orbitatis
408 428 502 492 amisi.
550 427 636 500 Quid
651 450 730 492 nunc
745 449 831 510 agam
842 426 854 488 ἓ
864 472 867 485 .
876 438 926 488 ant
938 445 1028 510 quem
1042 425 1115 491 ultra

173 535 341 578 assensum
363 514 436 591 mei,
453 514 509 578 diis
530 514 769 598 reprobantibus,
786 512 909 576 credam
926 511 938 572 ἒ
982 510 1063 574 Nam
1077 512 1116 576 ita

172 598 248 663 sorte
272 599 395 676 accidit,
420 614 452 663 ut
476 620 545 662 eum
568 620 688 685 quoqne
710 599 830 675 librum,
847 618 936 681 quem
959 598 995 659 dc
1018 597 1116 660 courir

172 695 331 769 corruptae
362 684 546 768 eloquentiae
577 685 675 762 emisi,
696 683 772 770 jam*
792 683 924 746 scribere
947 704 1114 768 aggressus,

172 770 234 834 ictu
257 770 343 834 simili
365 769 479 834 feriter.
529 769 620 834 Tunc
643 770 730 854 igitur
755 769 900 852 optimum
925 767 990 846 snit,
1008 766 1135 830 iulans-⁵

172 870 235 920 tum
250 878 339 940 opus,
357 871 387 919 et
402 856 543 941 quidquid
564 857 625 920 hoc
648 870 694 919 est
715 855 745 916 in
766 876 816 916 me
838 852 1001 917 infelicium
1020 854 1116 916 litera·
1222 854 1223 875 l

172 963 248 1018 rum,
266 963 356 1026 super
377 941 564 1004 immaturum
583 941 670 1004 sunus
692 939 890 1004 consumturis
913 938 1029 1002 viscera
1051 960 1118 1002 mea

172 1026 298 1090 flammis
326 1025 460 1112 injicere,
484 1047 581 1111 neque
604 1027 682 1089 hano
704 1025 827 1110 impiam
848 1023 1040 1088 vivacitatem
1062 1046 1117 1086 uo·

172 1111 217 1174 vis
233 1111 352 1197 insuper
367 1114 446 1178 curis
464 1111 597 1196 fatigare.
646 1111 726 1183 Quis
749 1109 829 1174 enim
851 1109 922 1172 mihi
944 1109 1041 1172 bonus
1064 1131 1116 1193 pa·
1222 1182 1224 1189 ‚

172 1217 239 1260 rens
253 1196 399 1280 ignoscat,
413 1199 438 1262 si
450 1199 570 1262 studere
586 1197 714 1281 amplius
730 1195 879 1280 possum?
901 1216 937 1257 ac
951 1195 1150 1259 nonoderitro

172 1281 247 1346 hano
264 1283 352 1346 animi
369 1284 427 1346 mei
447 1284 630 1361 firmitatem,
647 1283 673 1346 si
688 1281 754 1366 quis
775 1281 805 1342 in
823 1302 872 1343 me
891 1294 937 1343 est
955 1280 1028 1344 alius
1047 1303 1116 1345 usus

172 1368 270 1445 vocis,
295 1391 384 1452 quam
405 1369 590 1435 utinensem
613 1369 700 1446 deos,
725 1381 877 1450 superstes
899 1367 1032 1428 omnium
1054 1388 1115 1429 me-

172 1472 257 1514 orum
273 1453 285 1513 ἓ
309 1455 417 1516 nullam
435 1457 527 1518 te'rras
544 1453 702 1536 despicere
717 1451 935 1536 providentiam
951 1465 1043 1514 tester
1056 1451 1078 1511 ?'
1091 1451 1116 1516 si

171 1557 231 1598 non
254 1558 323 1600 meo
343 1559 426 1616 casu,
448 1539 496 1600 cui
515 1550 615 1600 tamen
635 1538 707 1600 nihil
721 1536 825 1622 objici,
842 1536 898 1599 nisi
910 1537 991 1621 quod
1004 1536 1114 1614 vivam,

173 1636 296 1704 potest;
320 1637 349 1686 at
371 1623 488 1686 illorum
511 1637 604 1700 certe,
623 1645 698 1708 qnos
724 1622 825 1706 utique
848 1622 1012 1686 immeritos
1035 1641 1151 1686 morsis

172 1707 281 1786 acerba
303 1708 475 1773 damnavit:
500 1723 604 1792 erepta
626 1709 697 1770 mibi
719 1707 801 1792 prins
823 1709 986 1772 eorundem
1009 1722 1115 1786 matre,
1222 1708 1223 1731 l

172 1814 248 1876 quae
270 1795 401 1858 nondum
424 1794 546 1880 expleto
569 1794 674 1858 aetatis
697 1793 923 1856 undevicesimo
944 1815 1022 1856 anno
1040 1793 1117 1857 dnos

172 1879 261 1942 enixa
283 1881 370 1958 filios,
388 1880 523 1964 quamvis
547 1879 748 1945 acerbissimis
769 1893 853 1962 rapta
875 1877 956 1956 fatis,
973 1877 1046 1941 felix
1063 1878 1116 1941 de·

171 1963 273 2026 cessit.
314 1964 384 2048 Ego
400 1967 448 2028 vel
463 1967 522 2028 boc
538 1987 596 2028 uno
613 1966 692 2028 malo
707 1965 751 2028 sic
767 1986 848 2026 eram
863 1965 1002 2040 afflictus,
1019 1978 1052 2026 nt
1066 1986 1117 2028 me
1222 2030 1224 2041 ,

166 2045 232 2134 jam
254 2049 332 2113 nulla
354 2048 469 2115 fortuna
493 2064 596 2136 posset
623 2051 743 2116 efficere
767 2048 897 2113 selicem.
944 2047 1023 2112 Nam
1046 2069 1152 2113 cuman

171 2135 253 2197 omni
268 2136 389 2214 virtute,
406 2158 483 2221 quae
499 2138 526 2199 in
542 2135 667 2200 seminas
683 2137 775 2215 cadit,
792 2135 904 2212 functa,
922 2135 1118 2199 insanabilem

171 2220 266 2284 attulit
281 2221 388 2285 marito
403 2222 539 2286 dolorem
554 2243 562 2283 ι
586 2236 648 2286 tum
664 2237 763 2286 aetate
778 2242 815 2285 ea
830 2221 966 2305 puellari,
980 2242 1116 2305 praeser-

170 2305 223 2369 tim
240 2330 324 2371 meae
340 2323 524 2393 comparata,
541 2323 643 2393 potest
664 2324 695 2372 et
713 2310 779 2392 ipsa
796 2308 944 2370 numerari
959 2308 1035 2369 inter
1050 2307 1116 2369 vnl-

170 2414 241 2457 nera
252 2394 397 2457 orbitatis.
445 2392 567 2457 Liberis
583 2408 683 2457 tamen
698 2393 904 2477 superstitibus
916 2393 1091 2457 oblectabar
1106 2414 1114 2452 ε

171 2492 212 2553 et,
229 2480 312 2559 quod
330 2477 412 2540 nesas
433 2492 505 2553 erat,
524 2478 577 2539 sed
601 2478 725 2558 optabat
739 2478 815 2560 ipsa,
834 2498 883 2540 me
905 2478 1002 2555 salvo,
1019 2477 1152 2541 maxi-ss

170 2583 236 2623 mus
252 2561 400 2623 cruciatus
416 2560 573 2643 praecipiti
590 2560 638 2621 via
652 2560 765 2642 effugit.
1222 2565 1223 2568 ’

214 2643 291 2706 Mihi
307 2644 383 2707 filius
399 2644 494 2705 minor
509 2643 640 2728 quintum
656 2666 793 2727 egressus
809 2666 928 2724 annum,
946 2648 1027 2731 prior
1041 2649 1115 2712 alte·

170 2752 234 2793 rum
256 2751 295 2792 ex
314 2730 429 2793 duobus
453 2730 528 2792 eruit
550 2728 659 2792 lumen.
706 2729 777 2793 Non
799 2754 864 2795 sum
887 2734 1061 2797 ambitiosus
1085 2734 1116 2797 in

170 2815 267 2893 malis,
284 2836 342 2877 nec
362 2836 468 2898 augere
491 2814 679 2879 lacrimamm
701 2838 805 2881 causas
823 2818 918 2880 volo:
942 2820 1117 2902 utinamque

170 2914 251 2963 esset
279 2900 354 2963 ratio
384 2900 544 2963 minuendi.
595 2900 661 2966 Sed
688 2902 872 2967 dissimulare
895 2904 946 2987 qui
975 2925 1154 2987 possum,sc

168 2985 240 3071 quid
256 2986 305 3049 ille
320 2986 431 3071 gratiae
451 2986 479 3050 in
495 2986 588 3065 vultu,
606 2986 677 3071 qnid
694 2986 888 3072 jucunditatis
908 2990 938 3051 in
959 3009 1116 3069 sermone,

169 3094 243 3157 quos
270 3072 379 3158 ingenii
402 3072 559 3157 igniculos,
584 3095 673 3156 quam
701 3073 894 3135 substantiam
917 3073 1065 3157 placidae,
1083 3090 1118 3141 et

172 3158 276 3241 (quam
292 3160 356 3223 scio
371 3159 424 3222 vix
441 3182 531 3243 posse
552 3160 636 3221 credi
656 3159 779 3241 tantam)
800 3158 877 3223 altae
892 3159 997 3222 mentis
1013 3172 1116 3223 osten·
1132 3163 1134 3166 ’

169 3242 245 3304 derit
263 3243 274 3302 ?
297 3245 391 3325 qualis
407 3265 540 3306 amorem
556 3244 725 3329 quicunque
744 3245 855 3308 alienus
871 3245 966 3309 inians
982 3267 1115 3309 merere·

169 3338 225 3389 tur.
274 3324 351 3388 Illud
368 3348 441 3389 vero
458 3328 633 3404 insidiantis,
651 3352 711 3413 qno
731 3353 781 3393 me
801 3331 926 3393 validius
949 3331 1152 3410 cruciaret,as

93 3492 94 3495 Ἴ
168 3408 304 3475 fortunae
320 3409 384 3488 suit,
402 3426 435 3474 ut
453 3412 501 3474 ille
521 3412 591 3474 mihi
611 3414 832 3492 blandissimus,
849 3437 898 3477 me
915 3416 975 3479 suis
991 3416 1115 3480 nutrici-

169 3494 237 3574 bus,
254 3518 303 3559 me
319 3496 403 3559 aviae
419 3496 569 3576 educenti,
586 3520 636 3563 me
652 3501 800 3577 omnibus,
817 3500 867 3584 qni
882 3501 1031 3565 solicitare
1046 3501 1114 3567 illas

169 3596 282 3649 aetates
298 3582 406 3661 solent,
421 3582 590 3648 anteferret.
632 3584 828 3670 Quapropter
842 3585 883 3649 illi
899 3586 1007 3666 dolori,
1021 3608 1114 3672 quem
