2459 4200
335 258 489 309 secscm
507 256 660 313 ennean
678 260 815 311 curme-
1002 248 1063 317 led
1087 298 1096 329 .

117 428 220 481 oretor
233 432 245 475 t
270 423 302 475 et
322 406 394 476 loco
416 410 537 493 publico
558 410 726 493 privatooe,
743 411 856 480 celebri
874 434 911 481 tn
929 427 1064 493 secroto,

116 498 213 569 elisos
235 495 356 567 civitate
379 516 417 561 an
439 510 500 573 tua,
517 495 546 559 in
562 496 666 561 nastris
682 497 811 580 denique
829 519 866 561 en
884 496 949 564 soro
965 499 1062 577 diens,

116 584 240 652 interest
255 581 425 666 plurimum,
441 602 477 645 ne
493 602 577 645 suem
592 581 722 671 quidque
737 581 877 660 formem,
893 599 923 649 et
943 584 1059 667 propri·

115 692 168 736 unt
183 668 332 759 quendam
355 666 477 729 modum
493 666 680 749 eloquentiae
695 667 817 751 poscit:
840 690 909 732 oum
925 669 1063 739 niuniu

94 754 229 823 coeteris
254 752 369 819 notibus
392 751 471 817 vitae
494 772 552 813 non
575 752 657 820 idem
678 751 709 815 in
729 751 808 829 foro,
825 752 920 832 curie,
936 775 1060 836 cumpo,

117 837 357 919 theatro,ldomi,
375 835 476 899 lacere
492 837 677 912 conveniat;
698 852 729 903 et
745 838 900 923 pleraque,
917 860 993 921 quse
1008 860 1060 907 nn·

117 940 183 995 ture
197 947 258 990 non
273 938 340 991 eunt
355 922 612 1005 reprehendenda,
630 936 721 1007 atque
739 923 856 991 interim
873 940 940 990 sunt
954 946 1061 995 ncces·

117 1011 205 1087 snria,
222 1009 294 1075 alibi
309 1028 399 1093 quam
414 1028 479 1071 mos
495 1008 673 1091 permiserit,
691 1009 786 1093 turpia
800 1010 972 1078 habeamur.

162 1095 243 1163 Illud
257 1094 323 1179 jam
338 1092 478 1168 diximus,
495 1107 605 1175 quento
630 1094 695 1176 plus
718 1094 820 1161 nitoris
842 1109 873 1163 et
894 1096 992 1163 cultus
1007 1095 1060 1163 de-

85 1180 331 1255 mmonstrativae
352 1178 503 1254 materiae,
521 1192 553 1245 ut
574 1179 611 1241 ad
628 1178 857 1244 delectationem
879 1180 1062 1248 audientium

118 1264 318 1350 compositae,
336 1285 436 1347 qoem,
455 1284 532 1347 quae
554 1277 622 1329 sunt
648 1264 677 1328 in
704 1278 774 1329 ectu
799 1278 829 1331 ct
854 1264 1060 1342 contentione,

117 1351 270 1418 suasoriae
282 1348 501 1434 judicialesque
518 1347 697 1431 permittent.

161 1434 237 1499 Hoc
268 1434 365 1497 adhuc
396 1432 609 1517 adjiciendum,
633 1433 747 1515 sliquos
776 1432 879 1511 etism,
894 1454 970 1516 quae
993 1446 1063 1501 eunt

118 1522 256 1607 egregiae
273 1518 391 1587 dicendi
407 1518 541 1595 virtutes,
554 1540 614 1601 quo
631 1518 727 1585 minus
742 1518 880 1596 deceant,
893 1518 972 1584 effici
986 1540 1058 1584 eon·

85 1606 233 1675 reditione
247 1625 414 1672 causarum·
463 1601 515 1671 An
528 1604 684 1687 quisquam
700 1603 796 1667 tulerit
811 1626 895 1671 reum
909 1604 940 1667 in
954 1604 1059 1672 discri-

118 1691 198 1759 uine
213 1690 332 1774 eapitis,
350 1687 511 1773 praecipue
526 1688 576 1777 qui
591 1690 670 1771 apud
687 1689 834 1754 victorem
849 1704 878 1753 et
893 1690 1062 1772 principem

118 1798 175 1860 pro
189 1798 223 1843 se
239 1776 303 1859 ipse
319 1774 410 1850 dicet,
426 1771 572 1855 frequenti
591 1773 793 1849 translatione,
809 1773 888 1839 lictis
907 1788 956 1837 aut
971 1792 1061 1855 repe-

117 1861 179 1927 titis
195 1883 235 1926 ex
249 1873 396 1927 vetustate
410 1858 521 1933 uerbis,
539 1856 771 1939 compositione,
784 1877 861 1939 quae
876 1856 914 1922 sit
928 1855 1061 1923 maxime

117 1966 137 2014 a
153 1944 265 2028 vulgari
281 1967 334 2011 usu
348 1958 476 2017 remote,
493 1941 717 2008 decurrentibus
733 1940 877 2024 periodis,
894 1961 982 2025 quern
996 1940 1058 2007 lne-

83 2030 239 2102 ctissime
263 2028 342 2097 locis
372 2026 587 2111 sententiisque
611 2025 791 2094 dicentem?
835 2024 906 2092 Non
932 2026 1061 2110 perdant

117 2117 193 2181 haec
214 2115 313 2182 omnia
334 2112 536 2182 necessarium
558 2112 736 2194 periclitanti
755 2111 959 2178 sollicitudinis
975 2113 1058 2180 eelo-

116 2223 192 2279 rem,
201 2199 421 2288 petendumque
433 2197 520 2260 etiam
534 2196 740 2262 innocentibus
751 2195 973 2262 misericordiae
985 2217 1059 2262 aux*

117 2285 226 2354 ilium?
272 2284 547 2352 Commoveeturue
562 2280 720 2362 quisquam
739 2279 804 2362 ejus
823 2277 953 2352 sonum,
968 2298 1060 2359 quem

117 2370 275 2448 tumidum,
298 2391 335 2434 eo
361 2368 408 2435 sui
428 2367 604 2452 jaetantem,
622 2378 653 2429 et
678 2362 869 2430 ambitiosum
893 2361 1058 2429 institorem

82 2455 303 2538 ineloquentiae
327 2454 358 2520 in
377 2451 498 2535 ancipiti
521 2464 601 2518 sorte
620 2447 746 2514 videet?
791 2445 862 2514 Non
883 2445 1060 2514 incederit

114 2562 201 2606 reum
215 2541 307 2606 rerba
328 2551 537 2621 aucupantem,
554 2549 586 2598 et
605 2533 725 2601 ensium
740 2532 780 2600 de
793 2529 872 2599 lama
889 2530 1009 2614 ingenii,
1027 2543 1057 2596 et

116 2625 168 2690 cui
182 2647 250 2692 esse
264 2623 377 2692 diserto
392 2637 481 2688 vacet
497 2621 508 2686 i
554 2620 648 2690 Quod
664 2619 737 2684 mire
755 2615 803 2679 Μ.
820 2615 943 2685 Caelius
959 2616 988 2683 in
1004 2616 1057 2682 de·

115 2707 249 2776 sensione
265 2729 387 2784 eamne,
400 2728 457 2790 qua
473 2728 540 2774 reue
557 2706 595 2772 de
610 2705 640 2771 vi
656 2703 721 2782 luit,
733 2703 997 2788 comprehendisse
1012 2701 1057 2770 νίἐ

116 2795 205 2862 detur
217 2794 300 2872 mihi,
317 2795 371 2857 Ne
389 2793 440 2854 eui
461 2800 601 2868 vestrum,
619 2799 706 2874 atque
729 2789 819 2856 etiem
841 2789 987 2865 omniunt,
1004 2788 1057 2870 pei

81 2879 157 2946 uad
171 2901 233 2946 rem
249 2878 401 2962 mendam
416 2887 530 2955 emunt,
547 2898 630 2942 meus
644 2885 697 2942 ont
711 2877 813 2942 codro
826 2875 989 2949 molestior,
1003 2883 1058 2940 eut

113 2986 172 3032 nec
186 2964 419 3032 immoderatior
445 2964 562 3046 ulique,
586 2973 640 3026 out
666 2960 807 3039 denique,
823 2959 903 3038 quod
928 2958 1058 3022 nimium

113 3060 166 3127 etl,
179 3051 349 3133 jncrontnr
360 3059 463 3132 gertus
470 3046 568 3129 suiset
583 3043 732 3106 uidentur.

59 3155 64 3172 t
160 3134 257 3217 Atqui
277 3150 342 3200 sunt
358 3135 505 3218 quaedem
523 3129 658 3197 notiones
674 3126 703 3190 in
718 3119 932 3196 satisfactione,
948 3119 1057 3202 depre-

114 3219 247 3298 ustione,
278 3219 468 3286 consessione
499 3215 638 3300 positae:
674 3205 897 3274 sententiolisne
927 3205 1058 3276 flendum

81 3305 172 3370 aierit
188 3303 200 3364 i
223 3305 455 3389 epiphonemate
469 3315 518 3366 eut
533 3299 752 3382 enthymemate
767 3291 958 3360 exorabunt?
987 3289 1059 3359 Non

114 3390 257 3474 quioquid
280 3390 368 3458 meris
384 3388 541 3473 adjicietur
556 3383 725 3460 effectibus,
743 3401 848 3448 omnes
863 3400 969 3448 eorum
983 3379 1059 3448 dilu

114 3475 250 3552 strues,
268 3489 298 3541 et
321 3474 544 3542 miserationem
566 3467 727 3552 securitate
749 3465 888 3533 lexubiti
935 3464 1015 3545 Age,
1032 3463 1058 3528 ei

115 3559 153 3628 de
169 3575 266 3628 morte
283 3560 334 3626 filii
350 3559 406 3638 sui,
424 3559 472 3627 uel
487 3555 602 3642 injurie,
617 3575 694 3638 quse
710 3567 806 3622 morte
822 3551 858 3617 sit
873 3550 1002 3633 gravior,
1014 3545 1057 3610 di-
