2459 4200
331 304 486 351 aaaron
503 305 654 360 annonae
671 308 807 353 carran.
990 292 1056 355 220

111 458 169 523 bae
192 456 375 541 eligendum,
393 480 482 523 causa
505 460 603 544 potius
626 459 773 539 laudetur,
789 480 880 545 quarn
901 474 1053 546 mucuns.

113 542 224 608 Finem
246 556 346 607 temen
368 544 446 607 hunc
470 546 633 628 praestabit
651 560 760 624 orator,
777 560 808 609 ut
827 547 964 611 videatur
979 547 1058 630 opti·

113 650 194 693 mam
209 649 334 693 cernam
351 630 464 714 optime
485 630 592 715 egisse.
642 630 720 695 Illud
741 645 857 695 certum
879 633 946 711 erit,
963 632 1057 695 nemi·

113 736 184 779 nern
205 714 293 799 pejus
315 734 417 799 ogere,
434 736 524 799 quern
545 716 595 800 qui
619 716 796 800 displicente
819 738 909 780 causa
931 718 1056 801 placet:

93 821 240 865 enecesse
256 814 304 863 est
318 800 409 879 enirn,
421 816 506 865 extra
521 822 643 865 causam
658 802 708 879 sit,
725 802 807 886 quod
821 802 931 885 placet.

51 947 60 959 ,
156 884 225 949 Nec
246 884 298 949 illo
319 882 438 949 fastidio
459 887 604 951 laborabit
625 901 725 950 orator
746 908 809 965 non
828 888 932 970 agendi
952 906 1057 952 causas

114 972 256 1048 emineres,
273 984 322 1033 tan
344 992 413 1035 uarn
427 970 502 1037 inira
517 994 585 1037 eum
606 972 675 1050 sint,
692 986 744 1035 aut
757 972 924 1037 detractura
938 973 976 1038 sit
991 972 1057 1057 opi·

113 1055 195 1121 anoni
213 1056 309 1121 miuus
323 992 458 1121 iiberalis
478 1059 610 1123 materia.
658 1058 739 1121 Nam
760 1073 790 1121 et
810 1059 992 1142 suscipiendi
1010 1081 1058 1122 re·

114 1142 158 1205 tio
176 1141 341 1227 justissime
358 1157 404 1207 est
419 1144 563 1222 officium,
580 1158 611 1207 et
625 1144 788 1227 optandum
803 1144 905 1221 enam,
921 1159 954 1207 ut
968 1144 1058 1207 amici

83 1248 206 1313 requam
217 1227 354 1291 minimas
365 1228 431 1292 lites
443 1228 572 1292 habeant
587 1250 594 1289 z
619 1245 650 1292 et
660 1228 778 1293 abunde
790 1229 865 1291 dixit
876 1230 966 1307 bene,
977 1229 1057 1312 quis·

114 1314 183 1399 quia
197 1312 241 1377 rei
256 1311 410 1377 satisfecit.

159 1397 206 1463 At
220 1398 340 1481 quidem
355 1399 445 1461 etiarn
466 1399 491 1463 ei
507 1396 582 1464 sorte
602 1410 799 1483 susceperunt
818 1399 936 1481 negotia
957 1397 1061 1481 paullo

115 1483 154 1547 ad
166 1484 326 1547 dicendum
338 1485 483 1562 tenuiore,
496 1486 681 1549 extrinsecus
697 1482 833 1547 adductis
848 1506 884 1546 ca
898 1485 988 1547 rebus
999 1484 1064 1547 cir·

115 1567 300 1646 oeenliniuut,
317 1589 366 1647 ac,
384 1570 409 1633 si
427 1568 592 1635 defecerint
612 1571 680 1649 alie,
698 1568 843 1633 conviciis
862 1570 985 1655 implent
1005 1592 1058 1633 ra·

82 1674 173 1719 rocoa
202 1675 381 1733 causarum3
411 1656 435 1719 si
458 1656 614 1739 contingit,
636 1656 740 1731 veris;
771 1655 796 1717 si
821 1655 929 1731 mnus,
954 1656 1060 1718 fictis:

115 1740 209 1805 rnodo
231 1739 269 1803 sit
288 1742 412 1803 materia
434 1740 555 1823 ingenii,
572 1755 779 1820 mereaturque
802 1738 963 1800 clamorem
986 1740 1062 1800 dnm

115 1825 234 1891 donn.
280 1822 375 1895 Quod
390 1846 447 1907 ego
462 1824 541 1887 adeo
559 1824 647 1906 longe
663 1836 735 1905 puto
750 1821 790 1883 ab
804 1835 924 1883 oretore
940 1821 1063 1905 persec-

116 1925 159 1989 to,
176 1924 210 1975 ur
228 1932 299 1975 eum
320 1932 358 1973 ne
380 1930 450 1973 vera
472 1909 593 1993 quidem
617 1906 816 1993 objecturum,
832 1906 890 1969 nisi
913 1906 944 1969 id
968 1928 1064 1971 cansa

116 1996 219 2079 exigit,
240 1994 373 2057 credam.
420 1991 469 2057 Ea
492 2008 538 2058 est
560 1992 639 2057 enirn
665 2013 787 2076 prorsus
814 1992 940 2070 οαπίηα,
961 2007 992 2057 ut
1017 1992 1060 2059 ait

71 2079 249 2167 'roAppius,
266 2080 449 2164 eloquentia,
466 2080 651 2164 cognituram
680 2078 759 2142 mala
785 2077 906 2144 dicendi
934 2079 1034 2144 subire
1048 2102 1064 2142 ε.

115 2167 197 2251 qnod
211 2165 388 2229 facientibus
404 2167 493 2230 etiarn
514 2167 592 2230 male
613 2164 752 2228 audiendi
771 2165 989 2247 praesumenda
1003 2187 1065 2248 pe·-

116 2252 218 2316 tientia
233 2265 290 2315 est.
336 2251 416 2314 Nam
431 2265 462 2314 et
476 2251 505 2313 in
521 2252 603 2334 ipsos
618 2251 651 2312 fit
666 2250 794 2332 impetus
809 2247 990 2331 frequenter,
1006 2251 1061 2330 qui

116 2351 250 2421 egerunt,
268 2351 298 2402 et
313 2351 396 2400 certe
411 2336 600 2420 petulentiam
617 2334 732 2419 petroni
748 2333 876 2415 litigator
890 2333 952 2394 luit.
992 2333 1059 2397 Sed

115 2422 192 2488 hoec
208 2423 321 2486 minora
337 2436 404 2486 sunt
418 2422 484 2505 ipso
501 2421 550 2483 illo
566 2420 640 2482 vitio
655 2418 743 2483 animi
760 2438 768 2479 ε
792 2417 872 2501 quod
893 2417 1062 2482 maledicus

79 2529 135 2574 asa
149 2508 287 2572 malefico
301 2527 361 2569 non
377 2507 476 2584 distat,
493 2505 549 2569 nisi
568 2505 742 2570 occasione.
791 2502 906 2587 Turpis
920 2503 1065 2588 voiuptas

115 2607 147 2657 et
161 2593 319 2656 inhumene
334 2607 365 2654 ct
383 2591 454 2654 nulli
475 2591 657 2655 audientium
677 2590 759 2652 bono
776 2602 858 2671 grate
873 2609 891 2650 a
906 2587 1066 2671 litigatori*

114 2679 173 2742 bus
194 2677 316 2760 quidem
342 2675 511 2760 frequenter
534 2676 672 2759 exigitur,
690 2674 740 2758 qui
765 2674 907 2738 ultionem
933 2672 1057 2752 malunt,

114 2783 205 2848 quiam
219 2758 434 2826 defensionem.
484 2761 549 2828 Sed
563 2783 662 2846 neque
676 2761 733 2824 elia
748 2759 838 2824 multe
854 2757 891 2823 ad
907 2760 1062 2823 arbitrium

115 2869 220 2912 eorum
234 2844 371 2912 facienda
391 2864 482 2914 sunt:
504 2849 565 2913 hoo
580 2848 702 2936 quidem
716 2847 782 2931 quis
801 2846 954 2910 bominum
973 2845 1062 2910 liberi

79 2935 207 2998 amodo
223 2934 371 3018 sanguinis
386 2935 540 3013 sustineat,
556 2935 693 3018 petulans
707 2953 775 2996 asse
791 2931 829 2993 ed
844 2932 965 2994 alteriue
980 2930 1065 2994 orbi·-

114 3019 232 3084 tn‘um?
382 3043 389 3052 =

160 3103 256 3186 Atqui
282 3105 371 3168 etiarn
400 3103 429 3164 in
455 3102 622 3165 advocatos
645 3098 737 3182 partis
761 3097 906 3160 adversae
931 3094 1067 3159 libenter

113 3187 246 3254 numelli
272 3189 471 3252 invehuntur:
494 3185 589 3270 quod,
606 3183 661 3247 nisi
683 3183 709 3246 si
731 3179 808 3244 sorte
828 3193 1009 3258 monuerunt,
1026 3195 1066 3244 at.

114 3273 306 3338 inhnmanum
321 3288 367 3338 est
381 3285 522 3372 respectu
538 3269 741 3334 commercium
756 3265 934 3345 officiorum,
944 3280 976 3330 et
987 3287 1061 3332 corn

80 3358 185 3446 stipsi,
199 3359 253 3444 qui
268 3357 352 3438 dicit,
370 3357 472 3422 inutile
496 3356 577 3440 (narn
600 3356 680 3419 idem
700 3353 776 3440 juris
798 3352 983 3436 responsuris
1004 3354 1061 3417 de·

115 3445 190 3529 tur,)
207 3460 271 3510 turn
286 3467 396 3510 causae
412 3443 604 3518 contrarium,
622 3440 690 3526 quia
707 3439 796 3525 piane
810 3437 971 3503 adversarii
984 3440 1060 3501 fiunt

116 3545 148 3596 ot
158 3531 284 3610 irbnioi,
301 3545 333 3598 et
347 3529 638 3617 quantulumcunque
653 3527 697 3590 eis
711 3525 819 3590 virium
834 3538 891 3602 ast,
902 3536 1065 3586 contume-

114 3615 158 3682 lia·
179 3632 312 3702 augetur.
362 3616 463 3700 Super
489 3614 591 3680 omnia
612 3614 690 3698 perit
715 3613 777 3690 ilie,
797 3629 874 3695 quae
898 3607 1062 3692 pluium

409 3705 453 3764 20

1065 3868 1107 3979 f
