<?xml version="1.0" encoding="UTF-8"?>
<!DOCTYPE html PUBLIC "-//W3C//DTD XHTML 1.0 Transitional//EN"
    "http://www.w3.org/TR/xhtml1/DTD/xhtml1-transitional.dtd">
<html xmlns="http://www.w3.org/1999/xhtml" xml:lang="en" lang="en">
 <head>
  <title>
</title>
<meta http-equiv="Content-Type" content="text/html;charset=utf-8" />
  <meta name='ocr-system' content='tesseract 3.04.00' />
  <meta name='ocr-capabilities' content='ocr_page ocr_carea ocr_par ocr_line ocrx_word'/>
</head>
<body>
  <div class='ocr_page' id='page_1' title='image "./mfabiiquinctili00aldegoog_0228.png"; bbox 0 0 2459 4200; ppageno 0'>
   <div class='ocr_carea' id='block_1_1' title="bbox 157 270 837 337">
    <p class='ocr_par' dir='ltr' id='par_1_1' title="bbox 157 270 837 337">
     <span class='ocr_line' id='line_1_1' title="bbox 157 270 837 337; baseline -0.006 -8"><span class='ocrx_word' id='word_1_1' title='bbox 157 270 222 333; x_wconf 71' lang='lat'>222</span> <span class='ocrx_word' id='word_1_2' title='bbox 439 284 475 327; x_wconf 89' lang='grc' dir='ltr'>ιι.</span> <span class='ocrx_word' id='word_1_3' title='bbox 497 283 591 327; x_wconf 80' lang='grc' dir='ltr'>ιιιιι</span> <span class='ocrx_word' id='word_1_4' title='bbox 610 282 837 337; x_wconf 68' lang='grc' dir='ltr'>ιιιιιιιιιιιιιι</span> 
     </span>
    </p>
   </div>
   <div class='ocr_carea' id='block_1_2' title="bbox 152 432 1221 2995">
    <p class='ocr_par' dir='ltr' id='par_1_2' title="bbox 152 432 1221 2299">
     <span class='ocr_line' id='line_1_2' title="bbox 157 432 1099 519; baseline 0 -22"><span class='ocrx_word' id='word_1_5' title='bbox 157 436 220 501; x_wconf 88' lang='lat' dir='ltr'>veri</span> <span class='ocrx_word' id='word_1_6' title='bbox 242 434 419 499; x_wconf 82' lang='lat' dir='ltr'>discriminis</span> <span class='ocrx_word' id='word_1_7' title='bbox 442 432 559 510; x_wconf 86' lang='lat' dir='ltr'>iacies;</span> <span class='ocrx_word' id='word_1_8' title='bbox 586 434 765 519; x_wconf 87' lang='lat' dir='ltr'>plusque,</span> <span class='ocrx_word' id='word_1_9' title='bbox 741 456 766 497; x_wconf 86' lang='lat' dir='ltr'>st</span> <span class='ocrx_word' id='word_1_10' title='bbox 788 454 924 516; x_wconf 78' lang='lat' dir='ltr'>separes,</span> <span class='ocrx_word' id='word_1_11' title='bbox 941 456 1011 497; x_wconf 86' lang='lat' dir='ltr'>usus</span> <span class='ocrx_word' id='word_1_12' title='bbox 1033 432 1099 497; x_wconf 89' lang='lat' dir='ltr'>sine</span> 
     </span>
     <span class='ocr_line' id='line_1_3' title="bbox 157 518 1099 605; baseline -0.002 -22"><span class='ocrx_word' id='word_1_13' title='bbox 157 521 289 583; x_wconf 89' lang='lat' dir='ltr'>doctrina</span> <span class='ocrx_word' id='word_1_14' title='bbox 317 542 407 605; x_wconf 89' lang='lat' dir='ltr'>quarn</span> <span class='ocrx_word' id='word_1_15' title='bbox 437 521 510 583; x_wconf 90' lang='lat' dir='ltr'>citra</span> <span class='ocrx_word' id='word_1_16' title='bbox 541 542 627 584; x_wconf 91' lang='lat' dir='ltr'>usum</span> <span class='ocrx_word' id='word_1_17' title='bbox 651 520 785 583; x_wconf 88' lang='lat' dir='ltr'>doctrina</span> <span class='ocrx_word' id='word_1_18' title='bbox 813 520 902 581; x_wconf 87' lang='lat' dir='ltr'>valet</span> <span class='ocrx_word' id='word_1_19' title='bbox 959 518 1099 601; x_wconf 82' lang='lat' dir='ltr'>Ideoque</span> 
     </span>
     <span class='ocr_line' id='line_1_4' title="bbox 156 604 1098 689; baseline -0.004 -20"><span class='ocrx_word' id='word_1_20' title='bbox 156 606 286 669; x_wconf 91' lang='lat' dir='ltr'>nonnulli</span> <span class='ocrx_word' id='word_1_21' title='bbox 307 627 394 669; x_wconf 88' lang='lat' dir='ltr'>senes</span> <span class='ocrx_word' id='word_1_22' title='bbox 416 606 445 667; x_wconf 91' lang='lat' dir='ltr'>in</span> <span class='ocrx_word' id='word_1_23' title='bbox 466 606 568 669; x_wconf 86' lang='lat' dir='ltr'>schola</span> <span class='ocrx_word' id='word_1_24' title='bbox 589 605 660 668; x_wconf 88' lang='lat' dir='ltr'>sacti</span> <span class='ocrx_word' id='word_1_25' title='bbox 682 620 802 689; x_wconf 78' lang='lat' dir='ltr'><strong>stupent</strong></span> <span class='ocrx_word' id='word_1_26' title='bbox 823 605 965 679; x_wconf 87' lang='lat' dir='ltr'>novitate,</span> <span class='ocrx_word' id='word_1_27' title='bbox 981 626 1051 667; x_wconf 87' lang='lat' dir='ltr'>oum</span> <span class='ocrx_word' id='word_1_28' title='bbox 1068 604 1098 665; x_wconf 91' lang='lat' dir='ltr'>in</span> 
     </span>
     <span class='ocr_line' id='line_1_5' title="bbox 152 688 1099 775; baseline -0.002 -22"><span class='ocrx_word' id='word_1_29' title='bbox 152 690 266 775; x_wconf 91' lang='lat' dir='ltr'>judicia</span> <span class='ocrx_word' id='word_1_30' title='bbox 282 706 437 769; x_wconf 90' lang='lat' dir='ltr'>venerunt,</span> <span class='ocrx_word' id='word_1_31' title='bbox 454 706 485 755; x_wconf 91' lang='lat' dir='ltr'>et</span> <span class='ocrx_word' id='word_1_32' title='bbox 504 692 603 753; x_wconf 91' lang='lat' dir='ltr'>omnia</span> <span class='ocrx_word' id='word_1_33' title='bbox 625 692 686 754; x_wconf 91' lang='lat' dir='ltr'>suis</span> <span class='ocrx_word' id='word_1_34' title='bbox 706 690 968 754; x_wconf 82' lang='lat' dir='ltr'>exercitationibus</span> <span class='ocrx_word' id='word_1_35' title='bbox 991 688 1099 753; x_wconf 90' lang='lat' dir='ltr'>similia</span> 
     </span>
     <span class='ocr_line' id='line_1_6' title="bbox 158 774 1121 874; baseline -0.002 -36"><span class='ocrx_word' id='word_1_36' title='bbox 158 776 336 841; x_wconf 88' lang='lat' dir='ltr'>desiderant.</span> <span class='ocrx_word' id='word_1_37' title='bbox 386 777 431 839; x_wconf 86' lang='lat' dir='ltr'>At</span> <span class='ocrx_word' id='word_1_38' title='bbox 446 778 504 839; x_wconf 90' lang='lat' dir='ltr'>illic</span> <span class='ocrx_word' id='word_1_39' title='bbox 521 791 550 839; x_wconf 91' lang='lat' dir='ltr'>et</span> <span class='ocrx_word' id='word_1_40' title='bbox 568 777 665 861; x_wconf 84' lang='lat' dir='ltr'>judex</span> <span class='ocrx_word' id='word_1_41' title='bbox 682 790 774 874; x_wconf 83' lang='lat' dir='ltr'>tacet,</span> <span class='ocrx_word' id='word_1_42' title='bbox 791 789 822 837; x_wconf 89' lang='lat' dir='ltr'>et</span> <span class='ocrx_word' id='word_1_43' title='bbox 842 774 1030 838; x_wconf 85' lang='lat' dir='ltr'>adversarius</span> <span class='ocrx_word' id='word_1_44' title='bbox 1045 775 1121 837; x_wconf 80' lang='lat' dir='ltr'>ob·s</span> 
     </span>
     <span class='ocr_line' id='line_1_7' title="bbox 158 860 1099 946; baseline -0.001 -23"><span class='ocrx_word' id='word_1_45' title='bbox 158 862 272 946; x_wconf 85' lang='lat' dir='ltr'>strepit,</span> <span class='ocrx_word' id='word_1_46' title='bbox 290 877 321 926; x_wconf 88' lang='lat' dir='ltr'>et</span> <span class='ocrx_word' id='word_1_47' title='bbox 334 862 405 925; x_wconf 92' lang='lat' dir='ltr'>nihil</span> <span class='ocrx_word' id='word_1_48' title='bbox 420 876 533 925; x_wconf 89' lang='lat' dir='ltr'>temere</span> <span class='ocrx_word' id='word_1_49' title='bbox 549 862 662 924; x_wconf 92' lang='lat' dir='ltr'>dietum</span> <span class='ocrx_word' id='word_1_50' title='bbox 679 862 778 945; x_wconf 92' lang='lat' dir='ltr'>perit.</span> <span class='ocrx_word' id='word_1_51' title='bbox 802 876 844 935; x_wconf 88' lang='lat' dir='ltr'>et,</span> <span class='ocrx_word' id='word_1_52' title='bbox 856 882 881 923; x_wconf 89' lang='lat' dir='ltr'>st</span> <span class='ocrx_word' id='word_1_53' title='bbox 873 860 968 943; x_wconf 92' lang='lat' dir='ltr'>quid</span> <span class='ocrx_word' id='word_1_54' title='bbox 982 860 1035 922; x_wconf 87' lang='lat' dir='ltr'>tibi</span> <span class='ocrx_word' id='word_1_55' title='bbox 1051 882 1099 922; x_wconf 94' lang='lat' dir='ltr'>su·</span> 
     </span>
     <span class='ocr_line' id='line_1_8' title="bbox 158 945 1098 1031; baseline -0.002 -22"><span class='ocrx_word' id='word_1_56' title='bbox 158 968 233 1025; x_wconf 88' lang='lat' dir='ltr'>mas,</span> <span class='ocrx_word' id='word_1_57' title='bbox 250 948 435 1031; x_wconf 88' lang='lat' dir='ltr'>probandum</span> <span class='ocrx_word' id='word_1_58' title='bbox 458 962 529 1009; x_wconf 90' lang='lat' dir='ltr'>est:</span> <span class='ocrx_word' id='word_1_59' title='bbox 554 962 583 1009; x_wconf 90' lang='lat' dir='ltr'>et</span> <span class='ocrx_word' id='word_1_60' title='bbox 604 947 765 1009; x_wconf 89' lang='lat' dir='ltr'>laboratam</span> <span class='ocrx_word' id='word_1_61' title='bbox 787 960 1019 1028; x_wconf 81' lang='lat' dir='ltr'>congestamque</span> <span class='ocrx_word' id='word_1_62' title='bbox 1034 945 1098 1007; x_wconf 93' lang='lat' dir='ltr'>die·</span> 
     </span>
     <span class='ocr_line' id='line_1_9' title="bbox 157 1030 1097 1115; baseline -0.002 -20"><span class='ocrx_word' id='word_1_63' title='bbox 157 1052 221 1095; x_wconf 90' lang='lat' dir='ltr'>mm</span> <span class='ocrx_word' id='word_1_64' title='bbox 237 1053 273 1095; x_wconf 88' lang='lat' dir='ltr'>ac</span> <span class='ocrx_word' id='word_1_65' title='bbox 285 1033 416 1095; x_wconf 89' lang='lat' dir='ltr'>noctium</span> <span class='ocrx_word' id='word_1_66' title='bbox 432 1032 530 1095; x_wconf 88' lang='lat' dir='ltr'>studio</span> <span class='ocrx_word' id='word_1_67' title='bbox 546 1032 695 1095; x_wconf 85' lang='lat' dir='ltr'>actionem</span> <span class='ocrx_word' id='word_1_68' title='bbox 711 1052 786 1115; x_wconf 89' lang='lat' dir='ltr'>aqua</span> <span class='ocrx_word' id='word_1_69' title='bbox 798 1031 921 1094; x_wconf 87' lang='lat' dir='ltr'>delicit:</span> <span class='ocrx_word' id='word_1_70' title='bbox 944 1045 974 1092; x_wconf 91' lang='lat' dir='ltr'>et</span> <span class='ocrx_word' id='word_1_71' title='bbox 985 1030 1097 1093; x_wconf 87' lang='lat' dir='ltr'>omisso</span> 
     </span>
     <span class='ocr_line' id='line_1_10' title="bbox 157 1116 1097 1216; baseline -0.002 -37"><span class='ocrx_word' id='word_1_72' title='bbox 157 1138 260 1201; x_wconf 81' lang='lat' dir='ltr'>magna</span> <span class='ocrx_word' id='word_1_73' title='bbox 275 1138 395 1201; x_wconf 89' lang='lat' dir='ltr'>semper</span> <span class='ocrx_word' id='word_1_74' title='bbox 407 1118 496 1180; x_wconf 88' lang='lat' dir='ltr'>flandi</span> <span class='ocrx_word' id='word_1_75' title='bbox 508 1132 625 1180; x_wconf 90' lang='lat' dir='ltr'>tumore</span> <span class='ocrx_word' id='word_1_76' title='bbox 636 1118 665 1179; x_wconf 92' lang='lat' dir='ltr'>in</span> <span class='ocrx_word' id='word_1_77' title='bbox 676 1117 853 1216; x_wconf 85' lang='lat' dir='ltr'>quibusdam</span> <span class='ocrx_word' id='word_1_78' title='bbox 865 1116 964 1179; x_wconf 85' lang='lat' dir='ltr'>causis</span> <span class='ocrx_word' id='word_1_79' title='bbox 975 1116 1097 1198; x_wconf 89' lang='lat' dir='ltr'>loquen-</span> 
     </span>
     <span class='ocr_line' id='line_1_11' title="bbox 158 1200 1132 1301; baseline -0.004 -35"><span class='ocrx_word' id='word_1_80' title='bbox 158 1204 228 1266; x_wconf 88' lang='lat' dir='ltr'>dum</span> <span class='ocrx_word' id='word_1_81' title='bbox 245 1218 314 1267; x_wconf 89' lang='lat' dir='ltr'>est.</span> <span class='ocrx_word' id='word_1_82' title='bbox 339 1202 417 1301; x_wconf 79' lang='lat' dir='ltr'>qnod</span> <span class='ocrx_word' id='word_1_83' title='bbox 435 1203 475 1265; x_wconf 93' lang='lat' dir='ltr'>illi</span> <span class='ocrx_word' id='word_1_84' title='bbox 491 1203 592 1266; x_wconf 89' lang='lat' dir='ltr'>diserti</span> <span class='ocrx_word' id='word_1_85' title='bbox 615 1202 734 1265; x_wconf 89' lang='lat' dir='ltr'>minime</span> <span class='ocrx_word' id='word_1_86' title='bbox 750 1202 856 1265; x_wconf 91' lang='lat' dir='ltr'>sciunt</span> <span class='ocrx_word' id='word_1_87' title='bbox 905 1200 1132 1283; x_wconf 83' lang='lat' dir='ltr'>Itaqnenon·1o</span> 
     </span>
     <span class='ocr_line' id='line_1_12' title="bbox 158 1288 1101 1373; baseline -0.002 -22"><span class='ocrx_word' id='word_1_88' title='bbox 158 1291 252 1351; x_wconf 89' lang='lat' dir='ltr'>nullos</span> <span class='ocrx_word' id='word_1_89' title='bbox 274 1290 417 1373; x_wconf 87' lang='lat' dir='ltr'>reperias,</span> <span class='ocrx_word' id='word_1_90' title='bbox 434 1290 484 1373; x_wconf 92' lang='lat' dir='ltr'>qui</span> <span class='ocrx_word' id='word_1_91' title='bbox 508 1289 562 1352; x_wconf 88' lang='lat' dir='ltr'>sibi</span> <span class='ocrx_word' id='word_1_92' title='bbox 586 1288 804 1372; x_wconf 88' lang='lat' dir='ltr'>eloquentiores</span> <span class='ocrx_word' id='word_1_93' title='bbox 826 1288 992 1363; x_wconf 87' lang='lat' dir='ltr'>videantur,</span> <span class='ocrx_word' id='word_1_94' title='bbox 1010 1308 1101 1370; x_wconf 91' lang='lat' dir='ltr'>quarn</span> 
     </span>
     <span class='ocr_line' id='line_1_13' title="bbox 158 1388 424 1457; baseline -0.004 -20"><span class='ocrx_word' id='word_1_95' title='bbox 158 1388 189 1437; x_wconf 88' lang='lat' dir='ltr'>nt</span> <span class='ocrx_word' id='word_1_96' title='bbox 204 1396 310 1437; x_wconf 89' lang='lat' dir='ltr'>causas</span> <span class='ocrx_word' id='word_1_97' title='bbox 327 1389 424 1457; x_wconf 82' lang='lat' dir='ltr'>agant.</span> 
     </span>
     <span class='ocr_line' id='line_1_14' title="bbox 201 1456 1097 1555; baseline -0.005 -34"><span class='ocrx_word' id='word_1_98' title='bbox 201 1459 345 1522; x_wconf 90' lang='lat' dir='ltr'>Ceterum</span> <span class='ocrx_word' id='word_1_99' title='bbox 363 1459 455 1555; x_wconf 81' lang='lat' dir='ltr'>illurn,</span> <span class='ocrx_word' id='word_1_100' title='bbox 473 1481 561 1541; x_wconf 89' lang='lat' dir='ltr'>quem</span> <span class='ocrx_word' id='word_1_101' title='bbox 574 1458 717 1542; x_wconf 90' lang='lat' dir='ltr'>juvenem</span> <span class='ocrx_word' id='word_1_102' title='bbox 733 1458 912 1540; x_wconf 89' lang='lat' dir='ltr'>tenerisque</span> <span class='ocrx_word' id='word_1_103' title='bbox 916 1457 1057 1519; x_wconf 90' lang='lat' dir='ltr'>adhuc</span> <span class='ocrx_word' id='word_1_104' title='bbox 1030 1456 1097 1518; x_wconf 88' lang='lat' dir='ltr'>vrri·</span> 
     </span>
     <span class='ocr_line' id='line_1_15' title="bbox 157 1542 1099 1626; baseline 0 -23"><span class='ocrx_word' id='word_1_105' title='bbox 157 1543 211 1603; x_wconf 91' lang='lat' dir='ltr'>bus</span> <span class='ocrx_word' id='word_1_106' title='bbox 232 1544 374 1604; x_wconf 86' lang='lat' dir='ltr'>nitentem</span> <span class='ocrx_word' id='word_1_107' title='bbox 394 1544 421 1604; x_wconf 92' lang='lat' dir='ltr'>in</span> <span class='ocrx_word' id='word_1_108' title='bbox 443 1542 539 1605; x_wconf 86' lang='lat' dir='ltr'>sorum</span> <span class='ocrx_word' id='word_1_109' title='bbox 555 1544 746 1619; x_wconf 85' lang='lat' dir='ltr'>deduximus,</span> <span class='ocrx_word' id='word_1_110' title='bbox 764 1558 794 1606; x_wconf 90' lang='lat' dir='ltr'>et</span> <span class='ocrx_word' id='word_1_111' title='bbox 818 1543 949 1626; x_wconf 90' lang='lat' dir='ltr'>incipere</span> <span class='ocrx_word' id='word_1_112' title='bbox 972 1563 1099 1624; x_wconf 88' lang='lat' dir='ltr'>equam</span> 
     </span>
     <span class='ocr_line' id='line_1_16' title="bbox 157 1626 1134 1702; baseline 0 -13"><span class='ocrx_word' id='word_1_113' title='bbox 157 1627 287 1689; x_wconf 87' lang='lat' dir='ltr'>maxime</span> <span class='ocrx_word' id='word_1_114' title='bbox 303 1626 382 1689; x_wconf 83' lang='lat' dir='ltr'>sacili</span> <span class='ocrx_word' id='word_1_115' title='bbox 403 1648 437 1688; x_wconf 87' lang='lat' dir='ltr'>ao</span> <span class='ocrx_word' id='word_1_116' title='bbox 458 1626 612 1689; x_wconf 81' lang='lat' dir='ltr'>favorabili</span> <span class='ocrx_word' id='word_1_117' title='bbox 632 1650 722 1691; x_wconf 88' lang='lat' dir='ltr'>causa</span> <span class='ocrx_word' id='word_1_118' title='bbox 738 1629 841 1702; x_wconf 89' lang='lat' dir='ltr'>velim,</span> <span class='ocrx_word' id='word_1_119' title='bbox 858 1627 984 1690; x_wconf 85' lang='lat' dir='ltr'>serarum</span> <span class='ocrx_word' id='word_1_120' title='bbox 1000 1643 1031 1689; x_wconf 91' lang='lat' dir='ltr'>ut</span> <span class='ocrx_word' id='word_1_121' title='bbox 1047 1649 1099 1690; x_wconf 88' lang='lat' dir='ltr'>ca·</span> <span class='ocrx_word' id='word_1_122' title='bbox 1107 1650 1134 1689; x_wconf 82' lang='lat' dir='ltr'>rs</span> 
     </span>
     <span class='ocr_line' id='line_1_17' title="bbox 157 1712 1098 1797; baseline -0.001 -21"><span class='ocrx_word' id='word_1_123' title='bbox 157 1713 208 1776; x_wconf 92' lang='lat' dir='ltr'>tuli</span> <span class='ocrx_word' id='word_1_124' title='bbox 229 1712 362 1775; x_wconf 88' lang='lat' dir='ltr'>molliore</span> <span class='ocrx_word' id='word_1_125' title='bbox 382 1712 493 1796; x_wconf 88' lang='lat' dir='ltr'>praeda</span> <span class='ocrx_word' id='word_1_126' title='bbox 515 1712 707 1795; x_wconf 84' lang='lat' dir='ltr'>saginantur:</span> <span class='ocrx_word' id='word_1_127' title='bbox 731 1729 762 1777; x_wconf 91' lang='lat' dir='ltr'>et</span> <span class='ocrx_word' id='word_1_128' title='bbox 783 1736 843 1775; x_wconf 92' lang='lat' dir='ltr'>non</span> <span class='ocrx_word' id='word_1_129' title='bbox 865 1713 962 1797; x_wconf 89' lang='lat' dir='ltr'>ntique</span> <span class='ocrx_word' id='word_1_130' title='bbox 983 1712 1098 1775; x_wconf 89' lang='lat' dir='ltr'>abhoc</span> 
     </span>
     <span class='ocr_line' id='line_1_18' title="bbox 158 1797 1098 1883; baseline -0.003 -22"><span class='ocrx_word' id='word_1_131' title='bbox 158 1798 241 1862; x_wconf 89' lang='lat' dir='ltr'>initio</span> <span class='ocrx_word' id='word_1_132' title='bbox 256 1800 427 1862; x_wconf 91' lang='lat' dir='ltr'>continuare</span> <span class='ocrx_word' id='word_1_133' title='bbox 446 1820 580 1883; x_wconf 88' lang='lat' dir='ltr'>operam,</span> <span class='ocrx_word' id='word_1_134' title='bbox 599 1813 630 1861; x_wconf 91' lang='lat' dir='ltr'>et</span> <span class='ocrx_word' id='word_1_135' title='bbox 651 1799 770 1882; x_wconf 83' lang='lat' dir='ltr'>iugenio</span> <span class='ocrx_word' id='word_1_136' title='bbox 792 1801 888 1861; x_wconf 85' lang='lat' dir='ltr'>adhuc</span> <span class='ocrx_word' id='word_1_137' title='bbox 912 1798 1018 1861; x_wconf 90' lang='lat' dir='ltr'>alendo</span> <span class='ocrx_word' id='word_1_138' title='bbox 1035 1797 1098 1859; x_wconf 91' lang='lat' dir='ltr'>cal·</span> 
     </span>
     <span class='ocr_line' id='line_1_19' title="bbox 157 1882 1100 1983; baseline 0 -38"><span class='ocrx_word' id='word_1_139' title='bbox 157 1883 217 1946; x_wconf 91' lang='lat' dir='ltr'>lum</span> <span class='ocrx_word' id='word_1_140' title='bbox 233 1886 400 1960; x_wconf 83' lang='lat' dir='ltr'>inducere3</span> <span class='ocrx_word' id='word_1_141' title='bbox 424 1884 508 1947; x_wconf 89' lang='lat' dir='ltr'>sed</span> <span class='ocrx_word' id='word_1_142' title='bbox 496 1907 559 1983; x_wconf 79' lang='lat' dir='ltr'>Jatn</span> <span class='ocrx_word' id='word_1_143' title='bbox 581 1885 737 1962; x_wconf 86' lang='lat' dir='ltr'>scientem,</span> <span class='ocrx_word' id='word_1_144' title='bbox 755 1885 826 1969; x_wconf 91' lang='lat' dir='ltr'>quid</span> <span class='ocrx_word' id='word_1_145' title='bbox 845 1886 882 1947; x_wconf 89' lang='lat' dir='ltr'>sit</span> <span class='ocrx_word' id='word_1_146' title='bbox 899 1905 1007 1982; x_wconf 82' lang='lat' dir='ltr'>pugna,</span> <span class='ocrx_word' id='word_1_147' title='bbox 1025 1882 1100 1945; x_wconf 92' lang='lat' dir='ltr'>etin</span> 
     </span>
     <span class='ocr_line' id='line_1_20' title="bbox 157 1932 1100 2064; baseline 0.002 -35"><span class='ocrx_word' id='word_1_148' title='bbox 157 1988 245 2064; x_wconf 83' lang='lat' dir='ltr'>quarn</span> <span class='ocrx_word' id='word_1_149' title='bbox 261 1990 323 2030; x_wconf 89' lang='lat' dir='ltr'>rem</span> <span class='ocrx_word' id='word_1_150' title='bbox 341 1932 518 2031; x_wconf 88' lang='lat' dir='ltr'>studendum</span> <span class='ocrx_word' id='word_1_151' title='bbox 534 1970 581 2045; x_wconf 91' lang='lat' dir='ltr'>sit,</span> <span class='ocrx_word' id='word_1_152' title='bbox 600 1971 681 2031; x_wconf 88' lang='lat' dir='ltr'>refici</span> <span class='ocrx_word' id='word_1_153' title='bbox 697 1984 785 2053; x_wconf 88' lang='lat' dir='ltr'>atque</span> <span class='ocrx_word' id='word_1_154' title='bbox 801 1970 947 2032; x_wconf 88' lang='lat' dir='ltr'>renovari</span> <span class='ocrx_word' id='word_1_155' title='bbox 998 1968 1053 2033; x_wconf 88' lang='lat' dir='ltr'>Sic</span> <span class='ocrx_word' id='word_1_156' title='bbox 1069 1981 1100 2031; x_wconf 87' lang='lat' dir='ltr'>et</span> 
     </span>
     <span class='ocr_line' id='line_1_21' title="bbox 157 2052 1221 2133; baseline 0 -18"><span class='ocrx_word' id='word_1_157' title='bbox 157 2052 284 2115; x_wconf 89' lang='lat' dir='ltr'>tirocinii</span> <span class='ocrx_word' id='word_1_158' title='bbox 301 2068 423 2129; x_wconf 90' lang='lat' dir='ltr'>metum,</span> <span class='ocrx_word' id='word_1_159' title='bbox 442 2054 512 2116; x_wconf 91' lang='lat' dir='ltr'>dum</span> <span class='ocrx_word' id='word_1_160' title='bbox 528 2053 642 2117; x_wconf 82' lang='lat' dir='ltr'>facilius</span> <span class='ocrx_word' id='word_1_161' title='bbox 659 2069 705 2119; x_wconf 89' lang='lat' dir='ltr'>est</span> <span class='ocrx_word' id='word_1_162' title='bbox 725 2057 847 2133; x_wconf 89' lang='lat' dir='ltr'>audere,</span> <span class='ocrx_word' id='word_1_163' title='bbox 865 2054 1026 2132; x_wconf 83' lang='lat' dir='ltr'>transierit,</span> <span class='ocrx_word' id='word_1_164' title='bbox 1040 2074 1134 2116; x_wconf 83' lang='lat' dir='ltr'>necas</span> <span class='ocrx_word' id='word_1_165' title='bbox 1218 2083 1221 2115; x_wconf 84' lang='lat' dir='ltr'>t</span> 
     </span>
     <span class='ocr_line' id='line_1_22' title="bbox 157 2124 1221 2299; baseline 0.003 -100"><span class='ocrx_word' id='word_1_166' title='bbox 157 2137 285 2288; x_wconf 55' lang='lat' dir='ltr'>pudendi</span> <span class='ocrx_word' id='word_1_167' title='bbox 310 2137 480 2202; x_wconf 84' lang='lat' dir='ltr'>facilitatem</span> <span class='ocrx_word' id='word_1_168' title='bbox 508 2161 601 2224; x_wconf 88' lang='lat' dir='ltr'>nsque</span> <span class='ocrx_word' id='word_1_169' title='bbox 625 2142 663 2203; x_wconf 90' lang='lat' dir='ltr'>ad</span> <span class='ocrx_word' id='word_1_170' title='bbox 690 2155 895 2224; x_wconf 90' lang='lat' dir='ltr'>contemptum</span> <span class='ocrx_word' id='word_1_171' title='bbox 918 2141 1019 2224; x_wconf 89' lang='lat' dir='ltr'>operis</span> <span class='ocrx_word' id='word_1_172' title='bbox 1046 2141 1098 2202; x_wconf 84' lang='lat' dir='ltr'>ad·</span> <span class='ocrx_word' id='word_1_173' title='bbox 1218 2124 1221 2299; x_wconf 70' lang='lat'><strong>⁴</strong></span> 
     </span>
     <span class='ocr_line' id='line_1_23' title="bbox 179 2240 275 2287; baseline -0.01 0"><span class='ocrx_word' id='word_1_174' title='bbox 179 2240 275 2287; x_wconf 86' lang='lat' dir='ltr'>uxerrt</span> 
     </span>
    </p>

    <p class='ocr_par' dir='ltr' id='par_1_3' title="bbox 157 2309 1221 2995">
     <span class='ocr_line' id='line_1_24' title="bbox 202 2309 1098 2394; baseline -0.002 -22"><span class='ocrx_word' id='word_1_175' title='bbox 202 2309 285 2374; x_wconf 92' lang='lat' dir='ltr'>Usus</span> <span class='ocrx_word' id='word_1_176' title='bbox 307 2325 352 2374; x_wconf 91' lang='lat' dir='ltr'>est</span> <span class='ocrx_word' id='word_1_177' title='bbox 374 2311 429 2374; x_wconf 88' lang='lat' dir='ltr'>hac</span> <span class='ocrx_word' id='word_1_178' title='bbox 452 2311 563 2374; x_wconf 90' lang='lat' dir='ltr'>ratione</span> <span class='ocrx_word' id='word_1_179' title='bbox 587 2309 633 2373; x_wconf 88' lang='lat' dir='ltr'>M</span> <span class='ocrx_word' id='word_1_180' title='bbox 655 2311 797 2375; x_wconf 82' lang='lat' dir='ltr'>Tullius·</span> <span class='ocrx_word' id='word_1_181' title='bbox 821 2327 940 2376; x_wconf 90' lang='lat' dir='ltr'>etcum</span> <span class='ocrx_word' id='word_1_182' title='bbox 958 2311 1022 2394; x_wconf 88' lang='lat' dir='ltr'>jam</span> <span class='ocrx_word' id='word_1_183' title='bbox 1038 2309 1098 2371; x_wconf 87' lang='lat' dir='ltr'>cla·</span> 
     </span>
     <span class='ocr_line' id='line_1_25' title="bbox 157 2395 1099 2481; baseline -0.003 -23"><span class='ocrx_word' id='word_1_184' title='bbox 157 2417 222 2458; x_wconf 93' lang='lat' dir='ltr'>rum</span> <span class='ocrx_word' id='word_1_185' title='bbox 238 2397 394 2460; x_wconf 90' lang='lat' dir='ltr'>meruisset</span> <span class='ocrx_word' id='word_1_186' title='bbox 409 2398 652 2481; x_wconf 71' lang='lat' dir='ltr'>inter&#39;patronos,</span> <span class='ocrx_word' id='word_1_187' title='bbox 671 2398 720 2479; x_wconf 92' lang='lat' dir='ltr'>qui</span> <span class='ocrx_word' id='word_1_188' title='bbox 741 2413 801 2460; x_wconf 89' lang='lat' dir='ltr'>tum</span> <span class='ocrx_word' id='word_1_189' title='bbox 818 2412 911 2474; x_wconf 89' lang='lat' dir='ltr'>erant,</span> <span class='ocrx_word' id='word_1_190' title='bbox 929 2418 1050 2470; x_wconf 89' lang='lat' dir='ltr'>nomen,</span> <span class='ocrx_word' id='word_1_191' title='bbox 1069 2395 1099 2456; x_wconf 94' lang='lat' dir='ltr'>in</span> 
     </span>
     <span class='ocr_line' id='line_1_26' title="bbox 160 2481 1137 2578; baseline -0.003 -34"><span class='ocrx_word' id='word_1_192' title='bbox 160 2481 266 2544; x_wconf 86' lang='lat' dir='ltr'>Asiam</span> <span class='ocrx_word' id='word_1_193' title='bbox 289 2483 448 2564; x_wconf 83' lang='lat' dir='ltr'>navigavit,</span> <span class='ocrx_word' id='word_1_194' title='bbox 466 2503 557 2564; x_wconf 91' lang='lat' dir='ltr'>seque</span> <span class='ocrx_word' id='word_1_195' title='bbox 582 2497 611 2544; x_wconf 89' lang='lat' dir='ltr'>et</span> <span class='ocrx_word' id='word_1_196' title='bbox 634 2482 743 2544; x_wconf 86' lang='lat' dir='ltr'>aliis</span> <span class='ocrx_word' id='word_1_197' title='bbox 720 2504 784 2545; x_wconf 87' lang='lat' dir='ltr'>stne</span> <span class='ocrx_word' id='word_1_198' title='bbox 800 2483 891 2546; x_wconf 87' lang='lat' dir='ltr'>dubio</span> <span class='ocrx_word' id='word_1_199' title='bbox 910 2481 1137 2578; x_wconf 77' lang='lat' dir='ltr'>eloquentiaeas</span> 
     </span>
     <span class='ocr_line' id='line_1_27' title="bbox 158 2565 1099 2650; baseline -0.003 -21"><span class='ocrx_word' id='word_1_200' title='bbox 158 2589 193 2629; x_wconf 89' lang='lat' dir='ltr'>ac</span> <span class='ocrx_word' id='word_1_201' title='bbox 210 2567 371 2648; x_wconf 87' lang='lat' dir='ltr'>sapientiae</span> <span class='ocrx_word' id='word_1_202' title='bbox 387 2567 545 2648; x_wconf 85' lang='lat' dir='ltr'>magistris,</span> <span class='ocrx_word' id='word_1_203' title='bbox 563 2568 618 2629; x_wconf 91' lang='lat' dir='ltr'>sed</span> <span class='ocrx_word' id='word_1_204' title='bbox 639 2567 800 2650; x_wconf 87' lang='lat' dir='ltr'>praecipue</span> <span class='ocrx_word' id='word_1_205' title='bbox 816 2582 914 2629; x_wconf 90' lang='lat' dir='ltr'>tamen</span> <span class='ocrx_word' id='word_1_206' title='bbox 931 2565 1099 2650; x_wconf 88' lang='lat' dir='ltr'>Apollonio</span> 
     </span>
     <span class='ocr_line' id='line_1_28' title="bbox 159 2648 1100 2733; baseline 0.003 -23"><span class='ocrx_word' id='word_1_207' title='bbox 159 2648 287 2724; x_wconf 90' lang='lat' dir='ltr'>Moloni,</span> <span class='ocrx_word' id='word_1_208' title='bbox 306 2671 394 2731; x_wconf 87' lang='lat' dir='ltr'>quern</span> <span class='ocrx_word' id='word_1_209' title='bbox 422 2651 542 2712; x_wconf 90' lang='lat' dir='ltr'>Romae</span> <span class='ocrx_word' id='word_1_210' title='bbox 565 2673 684 2733; x_wconf 91' lang='lat' dir='ltr'>quoque</span> <span class='ocrx_word' id='word_1_211' title='bbox 706 2653 850 2728; x_wconf 87' lang='lat' dir='ltr'>audierat,</span> <span class='ocrx_word' id='word_1_212' title='bbox 869 2652 973 2715; x_wconf 88' lang='lat' dir='ltr'>Rhodi</span> <span class='ocrx_word' id='word_1_213' title='bbox 998 2672 1100 2714; x_wconf 89' lang='lat' dir='ltr'>rursus</span> 
     </span>
     <span class='ocr_line' id='line_1_29' title="bbox 157 2733 1102 2829; baseline 0.003 -34"><span class='ocrx_word' id='word_1_214' title='bbox 157 2733 341 2795; x_wconf 82' lang='lat' dir='ltr'>formandum</span> <span class='ocrx_word' id='word_1_215' title='bbox 358 2755 393 2794; x_wconf 87' lang='lat' dir='ltr'>ae</span> <span class='ocrx_word' id='word_1_216' title='bbox 410 2735 491 2794; x_wconf 90' lang='lat' dir='ltr'>velut</span> <span class='ocrx_word' id='word_1_217' title='bbox 506 2735 729 2829; x_wconf 80' lang='lat' dir='ltr'>recoquendum</span> <span class='ocrx_word' id='word_1_218' title='bbox 744 2737 836 2797; x_wconf 90' lang='lat' dir='ltr'>dedit.</span> <span class='ocrx_word' id='word_1_219' title='bbox 880 2737 962 2798; x_wconf 88' lang='lat' dir='ltr'>Tum</span> <span class='ocrx_word' id='word_1_220' title='bbox 978 2737 1102 2818; x_wconf 86' lang='lat' dir='ltr'>dignum</span> 
     </span>
     <span class='ocr_line' id='line_1_30' title="bbox 157 2816 1102 2904; baseline 0.004 -25"><span class='ocrx_word' id='word_1_221' title='bbox 157 2837 266 2900; x_wconf 88' lang='lat' dir='ltr'>operae</span> <span class='ocrx_word' id='word_1_222' title='bbox 282 2816 408 2897; x_wconf 90' lang='lat' dir='ltr'>pretium</span> <span class='ocrx_word' id='word_1_223' title='bbox 423 2817 516 2890; x_wconf 87' lang='lat' dir='ltr'>venit,</span> <span class='ocrx_word' id='word_1_224' title='bbox 533 2839 601 2878; x_wconf 89' lang='lat' dir='ltr'>oum</span> <span class='ocrx_word' id='word_1_225' title='bbox 618 2817 693 2878; x_wconf 91' lang='lat' dir='ltr'>inter</span> <span class='ocrx_word' id='word_1_226' title='bbox 707 2840 741 2879; x_wconf 91' lang='lat' dir='ltr'>se</span> <span class='ocrx_word' id='word_1_227' title='bbox 756 2834 921 2900; x_wconf 86' lang='lat' dir='ltr'>congruunt</span> <span class='ocrx_word' id='word_1_228' title='bbox 936 2835 1102 2904; x_wconf 86' lang='lat' dir='ltr'>praecepta</span> 
     </span>
     <span class='ocr_line' id='line_1_31' title="bbox 157 2858 1221 2995; baseline -0.004 -31"><span class='ocrx_word' id='word_1_229' title='bbox 157 2916 186 2964; x_wconf 92' lang='lat' dir='ltr'>et</span> <span class='ocrx_word' id='word_1_230' title='bbox 202 2900 416 2986; x_wconf 85' lang='lat' dir='ltr'>experimenta.</span> <span class='ocrx_word' id='word_1_231' title='bbox 468 2899 563 2984; x_wconf 90' lang='lat' dir='ltr'>[XII.</span> <span class='ocrx_word' id='word_1_232' title='bbox 583 2902 632 2979; x_wconf 86' lang='grc'>6.]</span> <span class='ocrx_word' id='word_1_233' title='bbox 1109 2929 1137 2971; x_wconf 64' lang='grc' dir='ltr'>ω</span> <span class='ocrx_word' id='word_1_234' title='bbox 1215 2858 1221 2995; x_wconf 72' lang='lat' dir='ltr'>l</span> 
     </span>
    </p>
   </div>
   <div class='ocr_carea' id='block_1_3' title="bbox 484 3209 763 3270">
    <p class='ocr_par' dir='ltr' id='par_1_4' title="bbox 484 3209 763 3270">
     <span class='ocr_line' id='line_1_32' title="bbox 484 3209 763 3270; baseline -0.007 0"><span class='ocrx_word' id='word_1_235' title='bbox 484 3209 625 3270; x_wconf 86' lang='lat' dir='ltr'><strong>CAPUT</strong></span> <span class='ocrx_word' id='word_1_236' title='bbox 645 3209 763 3269; x_wconf 90' lang='lat' dir='ltr'>XXXI.</span> 
     </span>
    </p>
   </div>
   <div class='ocr_carea' id='block_1_4' title="bbox 157 3387 1093 3434">
    <p class='ocr_par' dir='ltr' id='par_1_5' title="bbox 157 3387 1093 3434">
     <span class='ocr_line' id='line_1_33' title="bbox 157 3387 1093 3434; baseline 0.004 -6"><span class='ocrx_word' id='word_1_237' title='bbox 157 3387 238 3434; x_wconf 67' lang='lat' dir='ltr'>QUAE</span> <span class='ocrx_word' id='word_1_238' title='bbox 258 3387 290 3425; x_wconf 86' lang='lat' dir='ltr'>IN</span> <span class='ocrx_word' id='word_1_239' title='bbox 306 3387 516 3430; x_wconf 77' lang='lat' dir='ltr'>susctrtntturs</span> <span class='ocrx_word' id='word_1_240' title='bbox 533 3393 637 3430; x_wconf 77' lang='lat' dir='ltr'>CAUSIS</span> <span class='ocrx_word' id='word_1_241' title='bbox 652 3392 784 3431; x_wconf 75' lang='lat' dir='ltr'>ORATOR!</span> <span class='ocrx_word' id='word_1_242' title='bbox 800 3391 1000 3432; x_wconf 74' lang='lat' dir='ltr'>osssnnvnrtna</span> <span class='ocrx_word' id='word_1_243' title='bbox 1015 3392 1093 3434; x_wconf 74' lang='lat' dir='ltr'>sm.</span> 
     </span>
    </p>
   </div>
   <div class='ocr_carea' id='block_1_5' title="bbox 113 3524 1098 3697">
    <p class='ocr_par' dir='ltr' id='par_1_6' title="bbox 113 3524 1098 3697">
     <span class='ocr_line' id='line_1_34' title="bbox 113 3524 1098 3614; baseline 0.007 -27"><span class='ocrx_word' id='word_1_244' title='bbox 113 3539 114 3542; x_wconf 75' lang='grc'>’</span> <span class='ocrx_word' id='word_1_245' title='bbox 199 3524 280 3588; x_wconf 76' lang='lat' dir='ltr'>Curi</span> <span class='ocrx_word' id='word_1_246' title='bbox 298 3524 367 3588; x_wconf 89' lang='lat' dir='ltr'>satis</span> <span class='ocrx_word' id='word_1_247' title='bbox 387 3525 415 3585; x_wconf 92' lang='lat' dir='ltr'>in</span> <span class='ocrx_word' id='word_1_248' title='bbox 431 3527 512 3588; x_wconf 92' lang='lat' dir='ltr'>omni</span> <span class='ocrx_word' id='word_1_249' title='bbox 526 3529 690 3592; x_wconf 88' lang='lat' dir='ltr'>certamine</span> <span class='ocrx_word' id='word_1_250' title='bbox 705 3529 810 3592; x_wconf 89' lang='lat' dir='ltr'>virium</span> <span class='ocrx_word' id='word_1_251' title='bbox 825 3528 942 3608; x_wconf 83' lang='lat' dir='ltr'>lecerit,</span> <span class='ocrx_word' id='word_1_252' title='bbox 959 3531 1052 3614; x_wconf 91' lang='lat' dir='ltr'>prima</span> <span class='ocrx_word' id='word_1_253' title='bbox 1068 3532 1098 3594; x_wconf 90' lang='lat' dir='ltr'>ei</span> 
     </span>
     <span class='ocr_line' id='line_1_35' title="bbox 156 3610 1098 3697; baseline 0.008 -24"><span class='ocrx_word' id='word_1_254' title='bbox 156 3632 228 3673; x_wconf 87' lang='lat' dir='ltr'>cura</span> <span class='ocrx_word' id='word_1_255' title='bbox 254 3612 283 3674; x_wconf 90' lang='lat' dir='ltr'>in</span> <span class='ocrx_word' id='word_1_256' title='bbox 310 3610 507 3695; x_wconf 90' lang='lat' dir='ltr'>suscipiendis</span> <span class='ocrx_word' id='word_1_257' title='bbox 531 3614 629 3677; x_wconf 87' lang='lat' dir='ltr'>causis</span> <span class='ocrx_word' id='word_1_258' title='bbox 653 3615 731 3677; x_wconf 90' lang='lat' dir='ltr'>erit:</span> <span class='ocrx_word' id='word_1_259' title='bbox 756 3615 912 3697; x_wconf 87' lang='lat' dir='ltr'>inquibus</span> <span class='ocrx_word' id='word_1_260' title='bbox 935 3615 1098 3682; x_wconf 82' lang='lat' dir='ltr'>defendere</span> 
     </span>
    </p>
   </div>
   <div class='ocr_carea' id='block_1_6' title="bbox 0 0 1234 4200">
    <p class='ocr_par' dir='ltr' id='par_1_7' title="bbox 0 0 1234 4200">
     <span class='ocr_line' id='line_1_36' title="bbox 0 0 1234 4200; baseline 0 0"><span class='ocrx_word' id='word_1_261' title='bbox 0 0 1234 4200; x_wconf 95' lang='lat' dir='ltr'> </span> 
     </span>
    </p>
   </div>
  </div>
 </body>
</html>
