2459 4200
339 245 494 291 sarsore
512 243 662 300 numum
678 245 815 290 merra.
997 231 1063 293 itt

292 393 477 480 'bucy‘tlidem
500 395 621 481 quidem
641 410 693 460 aut
715 393 950 482 Xenophontem
973 398 1063 466 nuce

296 495 354 558 atat,
373 502 540 565 quanquam
572 481 652 544 illum
676 481 816 547 bellicum
839 503 959 562 came,
976 484 1063 572 barim

299 585 371 630 reare
389 567 505 630 locutae
519 566 681 630 existimet.

301 673 373 717 tmen
392 653 480 714 nobis
500 652 529 714 in
545 651 777 734 digressionibus
794 651 837 715 uti
851 652 901 716 vel
919 653 1063 720 historico

303 738 450 815 sinitote,
466 737 536 800 dum
552 737 581 799 in
596 737 654 816 his,
666 738 706 801 de
720 738 828 822 quibus
843 737 899 802 erit
913 740 1061 822 quaestio,

301 841 339 886 tus
355 845 414 886 non
429 821 605 886 athletarum
619 823 705 902 toris,
722 825 777 888 sed
798 822 924 888 militum
942 823 1063 890 lacertis

300 925 305 968 t
326 931 378 972 nec
391 908 607 972 versicolorem
619 907 710 987 iilam,
722 930 780 993 qua
791 908 969 976 Demetrius
980 909 1062 974 Pha·

302 993 386 1058 batur
400 995 454 1070 uti,
467 1007 580 1058 vestem
596 994 674 1058 bene
688 995 726 1058 ad
741 994 893 1060 sorensem
906 997 1061 1084 pulvecem

314 1163 354 1227 ius
370 1187 410 1228 ex
425 1165 555 1230 historiis
571 1187 654 1242 usus,
671 1180 703 1228 et
716 1166 742 1229 is
757 1166 878 1251 quidem
900 1166 1061 1244 maximus,

324 1264 510 1334 praesentem
532 1250 685 1334 pertinens
708 1251 819 1326 locutu,
833 1272 877 1313 ex
890 1249 1062 1333 cognitione

63 1383 163 1648 kk
315 1336 511 1420 tplorurnque,
528 1335 635 1418 quibus
657 1335 802 1419 imprimis
822 1335 980 1398 instructus
994 1355 1063 1398 esse

313 1441 334 1498 r,
347 1443 383 1484 ne
396 1421 494 1484 omnia
504 1420 673 1520 testimopia
689 1434 847 1504 exspectet
860 1442 878 1484 a
892 1420 1037 1504 litigatore
1053 1441 1061 1497 3

311 1527 338 1574 te
358 1529 396 1568 ex
411 1519 563 1571 vetustate,
575 1507 731 1589 diligenter
746 1507 803 1570 sibi
817 1506 937 1590 cognita
951 1520 1060 1584 mmet,

310 1593 377 1669 iora,
395 1593 477 1674 quod
498 1613 533 1655 ea
552 1593 615 1656 sola
635 1592 808 1656 criminibus
828 1593 890 1656 odii
905 1606 937 1656 et
949 1591 1062 1675 gratiae

166 1761 197 1822 A
215 1762 456 1846 philosophorum
470 1783 542 1824 vero
558 1761 689 1825 lectione
704 1776 737 1824 ut
751 1775 853 1826 essent
869 1761 962 1822 multa
972 1761 1063 1824 nobis

44 1868 46 1875 ·
121 1847 264 1926 petenda,
280 1847 350 1910 vitio
363 1845 475 1910 sactum
493 1859 538 1910 est
554 1847 611 1909 alio
627 1860 790 1923 oratorum,
801 1845 854 1929 qui
868 1843 1063 1929 quidem‘illis

122 1930 236 2012 optima
258 1931 300 1994 sni
322 1933 421 2016 operis
446 1945 530 2016 parte
550 1945 718 1995 cessertmt.
765 1930 846 1994 Nam
863 1944 895 1994 et
907 1931 948 1994 de
958 1929 1060 2017 justis,

91 2013 265 2095 inhonestis,
282 2017 412 2096 utilibus,
431 2018 525 2102 iisque
540 2037 618 2103 quae
638 2018 696 2080 sint
713 2017 777 2081 istis
798 2017 960 2094 contraria,
976 2030 1009 2080 ct
1023 2017 1062 2080 de

120 2102 208 2165 rebus
224 2103 329 2167 divinis
352 2104 482 2167 maxime
499 2104 611 2181 dicunt,
628 2119 660 2167 et
678 2118 915 2188 argumentantur
925 2103 1061 2166 acriter:

122 2198 151 2247 et
165 2188 405 2252 altercationibus
421 2203 510 2273 atque
528 2189 805 2271 interrogationibus
819 2202 970 2250 oratorem
982 2184 1062 2247 sutu-

122 2290 183 2334 rum
199 2276 312 2359 optime
331 2274 482 2339 Socratici
497 2286 683 2358 praeparant.
733 2272 799 2336 Sed
813 2272 860 2333 bis
875 2290 994 2353 quoque
1009 2268 1062 2331 ad·

22 2388 23 2405 2
123 2354 279 2423 hibendum
303 2374 349 2423 est
372 2360 467 2423 simile
487 2360 646 2445 judicium,
664 2371 696 2419 ut
718 2357 808 2418 etiarn
830 2375 901 2416 cum
919 2353 953 2414 in
973 2352 1062 2416 rebus

91 2460 273 2509 asversemur
294 2446 412 2523 iisdem,
429 2466 489 2507 non
507 2458 607 2507 tamen
629 2442 754 2506 eandem
774 2460 844 2504 esse
859 2437 1064 2501 conditionem

123 2527 247 2595 sciamus
269 2532 362 2595 litium
383 2552 418 2593 ac
435 2530 677 2614 disputationum,
693 2526 750 2589 lori
765 2540 796 2590 et
808 2524 959 2602 auditorii,
975 2544 1062 2608 pree·

122 2628 274 2695 ceptorum
291 2632 320 2679 et
336 2615 546 2700 periculorum.

164 2698 267 2764 Credo
282 2716 443 2764 exacturos
465 2702 636 2785 plerosque,
653 2722 723 2763 cum
744 2713 856 2763 tantum
872 2720 941 2763 esse
956 2698 1062 2761 utilita-

121 2780 157 2844 tis
170 2784 197 2846 in
209 2786 337 2871 legendo
346 2785 530 2871 judicemus,
542 2802 572 2849 ut
585 2787 614 2849 id
627 2808 746 2871 quoque
757 2785 952 2871 adjungamus
962 2783 1060 2868 operi,

91 2868 168 2949 ecqui
183 2872 252 2949 sint,
268 2872 388 2955 quaein
405 2894 521 2956 quoque
538 2887 660 2936 auctore
676 2872 837 2957 praecipua
850 2870 954 2933 virors-
996 2868 1062 2932 Sed

121 2960 258 3041 persequi
275 2958 416 3041 singulos,
429 2958 530 3021 infiniti
545 2957 634 3021 suerit
649 2958 759 3038 operis.
807 2954 932 3036 Quippe
947 2974 1016 3047 curn
1031 2952 1063 3011 in

123 3034 217 3101 Bruto
234 3042 281 3103 M.
302 3042 418 3105 Tullius
434 3058 477 3105 tot
493 3042 621 3104 millibus
631 3035 772 3102 verinum
784 3037 822 3097 de
835 3034 983 3095 Romanis
995 3047 1062 3093 tau·

121 3134 182 3183 turn
206 3128 371 3191 oratoribus
394 3129 541 3211 loquatur,
559 3140 589 3189 et
612 3139 712 3185 tamen
734 3122 774 3182 de
799 3118 936 3181 carnibus
957 3116 1062 3181 acatis

122 3225 204 3287 suae,
222 3212 397 3297 qubuscum
413 3214 545 3289 vivebat,
562 3207 701 3293 exceptis
715 3205 850 3270 Caesare
870 3217 959 3289 atque
978 3201 1061 3269 Mar-

93 3292 209 3374 accello,
228 3296 375 3362 silentium
399 3299 516 3382 egerit:
541 3297 607 3382 quis
631 3294 686 3357 erit
708 3293 827 3370 modus,
843 3291 870 3355 si
888 3306 918 3355 et
935 3292 1014 3372 illos,
1031 3306 1063 3357 et

123 3378 168 3521 itm
185 3398 292 3465 postea
308 3383 435 3461 luerunt,
455 3398 484 3446 et
500 3382 640 3445 Graecos
658 3400 775 3457 ornnes,
793 3393 824 3441 et
837 3378 1062 3464 philosophos?

152 3466 192 3527 uit
206 3468 295 3553 igitur
314 3470 444 3533 brevitas
466 3468 514 3530 illa
534 3466 690 3544 tutissima,
707 3488 783 3551 quae
798 3468 878 3551 apud
894 3466 1016 3529 Livium
1031 3462 1061 3522 in
1193 3475 1201 3483 ·

126 3548 245 3629 epistola
263 3556 301 3617 ad
316 3556 407 3619 lilium
430 3554 551 3637 scripta,
570 3552 711 3635 legendos
730 3553 959 3616 Dumium
972 3554 1060 3626 altr*
1171 3554 1174 3561 ’
