2459 4200
156 258 195 334 ¹.4
440 265 478 310 rt·
499 265 593 308 reru
612 261 834 314 cururmrrnr

154 419 264 487 orantis
274 437 394 492 vocem,
405 409 1091 498 incessum,pronunciationem,illumdenique

154 501 242 566 animi
258 515 288 566 et
304 499 440 585 corporis
460 514 585 576 motum,
604 499 757 575 sudorem,
775 511 806 561 ut
820 495 875 559 alia
891 510 1089 580 praeteream,

154 602 184 652 et
205 585 418 668 fatigationem,
436 583 574 646 audiente
597 604 679 658 uno;
701 603 799 646 noune
814 581 956 664 quiddam
970 579 1030 664 pati
1047 579 1097 647 iuv⁴

153 671 212 734 rori
227 671 323 734 simile
340 667 499 732 videatur?
544 667 614 730 Non
630 669 755 738 essetin
770 667 858 730 rebus
877 665 1011 728 humanis
1028 667 1090 730 elo·

154 757 284 840 quentia,
303 755 327 822 si
343 769 456 820 tantum
471 775 540 820 cum
556 753 677 838 singulis
692 753 890 836 loqueremur.
929 749 972 834 [I.
990 753 1041 830 2.]
1097 778 1116 818 s

531 962 714 974 .......--—-

519 1106 660 1168 CAPUT
681 1106 724 1164 11.

305 1292 345 1332 DE
360 1290 497 1332 moturus
512 1285 551 1330 ET
566 1287 697 1328 urricus
711 1286 947 1330 eracemum.

198 1432 297 1500 Esco
314 1435 433 1500 eumad
449 1455 499 1496 eas
515 1432 544 1493 in
560 1432 664 1496 studiis
675 1432 753 1495 vires
769 1429 937 1515 pervenerit
950 1451 1038 1514 puer,
1046 1443 1095 1510 ut,

156 1541 232 1606 quae
255 1519 350 1604 prima
372 1540 439 1582 esse
466 1530 629 1600 praecepta
653 1517 804 1580 rhetorum
830 1513 971 1592 diximus,
993 1509 1099 1588 mente.

156 1603 299 1688 consequi
312 1604 417 1687 possit,
431 1601 592 1666 tradendus
608 1600 672 1686 ejus
683 1601 751 1664 artis
761 1599 908 1683 magistris
920 1597 975 1662 erit
989 1620 997 1660 z
1020 1621 1093 1686 quo·

156 1711 222 1754 rum
243 1689 272 1752 in
296 1687 397 1774 primis
421 1686 527 1771 inspici
549 1708 649 1750 mores
670 1685 842 1770 oportebit:
866 1685 947 1770 quod
963 1705 1019 1768 ego
1034 1687 1128 1748 uou‘

156 1773 272 1838 idcirco
286 1773 473 1858 potissimum
489 1772 517 1834 in
532 1771 589 1833 hac
606 1785 688 1854 parte
703 1784 829 1834 tractare
844 1791 910 1832 sum
925 1790 1132 1856 aggressus,1o

156 1858 299 1941 quianon
315 1858 343 1921 in
359 1858 467 1922 ceteris
484 1877 603 1940 quoque
620 1855 792 1918 doctoribus
803 1854 883 1918 idem
892 1854 951 1916 hoc
962 1853 1095 1934 examin·

157 1943 267 2020 andum
278 1943 422 2026 quamdili
444 1941 595 2005 entissime
607 1938 1101 2022 putem,sicuttestatussumlibro.

178 2025 256 2096 tiore
272 2046 281 2102 ;
305 2026 359 2090 sed
369 1964 450 2111 quod
462 2024 554 2109 magis
566 2023 768 2089 necessariam
781 2021 846 2108 ejus
858 2023 901 2086 rei
913 2023 1100 2087 mentionem

156 2048 228 2177 iacit
244 2126 325 2175 aetas
341 2112 407 2195 ipsa
427 2110 614 2175 discentium.
661 2108 741 2173 Nam
764 2123 794 2171 et
815 2108 905 2171 adulti
927 2107 989 2171 sere
1012 2109 1097 2192 pueri

157 2196 195 2260 ad
210 2198 266 2261 hos
282 2211 494 2281 praeceptores
510 2193 732 2271 transferuntur,
751 2208 782 2257 et
799 2194 878 2277 apud
897 2214 950 2257 eos
968 2192 1133 2277 juvenesrs

158 2281 247 2345 etiam
262 2280 332 2345 sacti
353 2295 557 2367 perseverant,
574 2280 704 2365 ideoque
726 2277 822 2364 major
843 2277 1012 2342 adhibenda
1034 2292 1099 2343 tum

157 2388 229 2431 cura
251 2382 319 2432 est:
355 2381 385 2432 ut
409 2383 439 2431 et
462 2364 625 2431 teneriores
652 2387 743 2429 annos
769 2364 808 2429 ab
829 2363 933 2448 injuria
956 2364 1097 2427 sanctitas

158 2451 294 2514 docentis
310 2452 469 2527 custodiat,
488 2465 518 2513 et
539 2450 704 2511 ferociores
720 2448 872 2512 aliceutia
893 2448 1027 2529 gravitas.
1044 2449 1097 2512 de·

158 2549 277 2601 terreat.
325 2530 432 2616 Neque
445 2554 518 2595 vero
533 2532 603 2599 satis
620 2545 666 2595 est
681 2552 827 2594 summam
841 2545 992 2614 praestare
1008 2533 1098 2595 absti-

157 2618 300 2695 nentiam,
317 2617 373 2679 nisi
389 2616 563 2699 disciplinae
584 2615 744 2679 severitate
765 2616 1007 2680 convenientium
1021 2640 1133 2703 quo-20

159 2726 216 2786 que
234 2702 320 2765 adse
337 2722 435 2767 rnorcs
452 2700 630 2766 astrinxerit.

205 2786 312 2855 Sumat
327 2786 413 2869 igitur
428 2788 496 2849 ant'e
512 2785 609 2848 omnia
625 2785 755 2869 parentis
770 2806 840 2868 erga
852 2784 1014 2870 discipulos
1026 2808 1104 2851 suos

159 2872 300 2951 animum,
317 2894 352 2939 ac
369 2871 533 2936 succedere
550 2892 582 2933 se
597 2870 627 2933 in
643 2892 748 2933 eorum
762 2870 874 2948 locum,
892 2892 909 2933 a
924 2867 1104 2953 quibussibi]

159 2956 244 3019 liberi
260 2957 420 3033 tradantur,
439 2955 597 3019 existimet.
646 2953 719 3038 Ipse
741 2977 798 3019 nec
817 2956 925 3019 habeat
939 2956 1021 3033 vitia,
1037 2978 1102 3019 nec,

159 3040 242 3107 ferat.
290 3040 360 3108 Non
375 3042 528 3105 austeritas
545 3040 609 3127 ejus
626 3040 727 3118 tristis,
740 3063 800 3103 non
810 3040 954 3103 dissoluta
965 3038 1002 3103 sit
1014 3060 1136 3112 com-25

160 3128 213 3191 itas
229 3150 237 3205 ;
260 3150 298 3193 ne
314 3128 382 3193 inde
395 3126 507 3205 odium,
519 3126 587 3189 hinc
601 3140 768 3191 contemtus
780 3125 900 3189 oriatur·
948 3123 1105 3189 Plurimus,

161 3213 188 3274 ei
212 3213 250 3273 de
273 3213 399 3275 honesto
422 3234 458 3279 ac
481 3214 561 3274 bono
585 3212 622 3275 sit
645 3234 755 3275 senno.
801 3208 881 3275 Nam
901 3232 961 3295 quo
980 3232 1030 3274 sae
1054 3210 1098 3274 'us

160 3295 319 3379 monuerit,
344 3297 402 3357 hoc
430 3296 521 3357 rarius
549 3297 716 3379 castigabit.
763 3296 891 3361 Minime
917 3232 1075 3360 iracundiis
1088 3317 1099 3372 ;

160 3402 218 3447 nec
234 3395 333 3444 tamen
349 3401 464 3456 eorum,
478 3401 553 3463 quae
570 3378 1098 3461 emendandaerunt,dissim1dator:
1215 3455 1216 3458 Ἴ

161 3465 290 3551 simplex
305 3464 335 3527 in
355 3464 517 3540 docend03
541 3465 654 3547 patiens
677 3466 808 3541 laboris;
830 3465 968 3530 assiduus,
986 3464 1134 3549 potiusffl
1215 3461 1216 3488 ¹

162 3549 449 3638 quamimmodicus.
497 3548 749 3635 Interrogantibus
761 3551 887 3615 libenter.
895 3550 1099 3636 respondeam
