2459 4200
339 299 491 347 scaacra
508 303 658 356 occasu
676 307 812 354 carran.
1000 301 1070 362 159>

118 443 177 509 sibi
192 448 432 529 convenientem,
442 451 618 538 judicasset,
646 456 732 537 „Quo
746 461 795 524 vel
810 461 875 525 solo
890 477 983 547 patet,
1001 487 1061 530 non

119 534 333 616 persuadendi,
351 537 404 598 sed
428 538 503 601 bene
519 540 638 604 dicendi
653 544 743 607 linem
764 547 793 608 in
808 561 927 610 oratore
941 571 1062 614 serran-
1088 571 1098 592 ¹

120 618 203 694 dum,
221 640 293 686 cum
318 619 434 684 interim
459 626 640 706 persuadere
662 628 797 694 deforme
823 633 871 694 sit.
918 633 986 696 Non
1009 633 1064 699 suit

119 702 181 764 hoc
196 704 267 766 utile
282 705 459 769 absolutioni
477 729 483 769 :
507 711 574 788 sed,
591 715 670 795 quod
687 729 732 778 est
749 716 854 801 majus,
871 717 981 779 homini
995 719 1060 782 snit.

86 803 102 842 ⁵
166 787 211 851 Et
230 809 283 852 nos
310 792 476 854 secundum
499 815 689 859 communem
711 801 811 884 potius
831 803 973 885 loquendi
990 825 1063 865 con·

122 873 320 952 suetudinem,
332 895 421 958 quam
437 877 532 960 ipsam
548 882 677 946 veritatis
693 887 836 968 regulam,
848 887 1062 952 divisionelrao

120 958 242 1036 utimur,
264 973 294 1022 ut
321 963 358 1022 ab
386 965 534 1046 eo,'quod
561 967 679 1045 deceat,
697 970 851 1033 utilitatem
876 993 1059 1056 separemus.

121 1042 188 1106 Nisi
203 1042 281 1107 sorte
302 1045 382 1127 prior
402 1047 451 1110 ille
468 1048 640 1129 Africanus,
658 1054 708 1137 qui
726 1057 821 1138 patria
835 1057 956 1134 cedere,
973 1079 1063 1140 quam

123 1149 193 1190 cum
212 1129 330 1191 tribuno
351 1131 446 1214 plebis
466 1134 628 1198 humillimo
643 1141 826 1203 contendere
841 1142 879 1203 de
894 1142 1064 1204 innocentia

90 1233 176 1276 sesua
201 1214 314 1290 maluit,
337 1215 476 1280 inutiliter
498 1219 554 1280 sibi
576 1221 693 1284 videtur
714 1225 923 1287 consuluisse:
948 1240 999 1288 aut
1021 1225 1061 1286 P.

123 1297 267 1374 Rutilius,
283 1299 332 1362 vel
354 1322 425 1363 cum
447 1302 497 1364 illo
523 1325 618 1386 paene
646 1306 806 1369 Socratico
830 1329 939 1390 genere
960 1308 1065 1371 delen·

124 1382 216 1446 sionis
231 1397 276 1446 est
291 1405 373 1463 usne,
391 1387 439 1448 vel
460 1407 541 1465 cum,
563 1404 725 1453 revocante
741 1413 809 1454 eum
830 1391 869 1455 P.
891 1392 984 1468 Sulla,
1002 1414 1064 1455 ma·

123 1489 195 1530 nere
211 1468 240 1530 in
255 1469 361 1532 exsilio
376 1472 488 1549 maluit,
500 1473 570 1556 quid
586 1474 643 1537 sibi
658 1476 788 1538 maxime
803 1477 997 1556 conduceret,
1011 1500 1065 1542 ne·

124 1553 250 1616 sciebat.
299 1553 345 1616 Hi
367 1577 439 1632 vero
462 1577 553 1640 parva
575 1559 635 1636 illa,
652 1581 729 1644 quae
750 1561 968 1647 abjectissimus
984 1564 1063 1647 quis·

92 1657 184 1720 atque
210 1638 323 1702 animus
350 1640 431 1702 utilia
458 1643 564 1720 credit,
582 1644 606 1706 si
634 1667 703 1708 cum
728 1647 835 1710 virtute
859 1647 1061 1726 conferantur,

42 1735 45 1740 “
125 1723 318 1805 despicienda
327 1723 535 1808 judicaverunt
551 1749 559 1789 ε
581 1729 709 1812 ideoque
722 1747 866 1813 perpetua
876 1732 1064 1793 saeculorum

124 1807 318 1870 admiratione
330 1810 526 1873 celebrantur.
567 1811 674 1896 Neque
684 1835 738 1875 nos
750 1815 842 1876 simus
853 1826 914 1874 tam
926 1815 1063 1892 humiles,

124 1905 171 1966 ut,
189 1911 266 1973 quae
280 1893 443 1970 laudamus,
461 1895 571 1957 inutilia
586 1898 755 1959 credamus.
804 1897 871 1962 Sed
889 1897 948 1959 lroc
964 1897 1066 1982 quale·

126 1996 247 2058 cunque
260 1976 416 2042 discrimen
431 1999 497 2041 raro
514 1981 674 2044 admodum
686 1983 796 2045 evenit.
828 1981 973 2046 Ceterum
986 1983 1067 2046 idem

92 2059 252 2210 maerebut
267 2061 340 2141 dixi,
357 2063 386 2127 in
409 2064 489 2127 omni
511 2086 620 2149 genere
644 2089 798 2132 causarum
820 2082 852 2132 et
872 2069 1017 2154 proderit,
1035 2083 1065 2133 et

148 2166 205 2209 ece
227 2161 259 2210 rt.

170 2230 228 2294 Est
243 2244 354 2308 autem,
371 2234 451 2315 quod
467 2255 572 2297 omnes
592 2249 623 2297 et
643 2257 764 2317 semper
778 2250 808 2297 ct
821 2236 931 2316 ubique
947 2238 1065 2311 deceat,

127 2313 247 2399 secere,
266 2338 301 2379 ac
317 2318 416 2379 diacre
432 2319 573 2380 honeste:
596 2332 758 2401 contraque
776 2318 923 2379 neminem
940 2337 1068 2399 unquam

65 2456 68 2471 ι
128 2401 188 2462 ullo
206 2402 236 2463 iu
254 2402 336 2479 loco,
354 2403 492 2485 turpiter.
541 2400 661 2465 Minora
679 2424 763 2479 vero,
781 2421 917 2485 quaeque
939 2415 1005 2462 sunt
1028 2420 1069 2464 ex
1095 2438 1112 2463 s

94 2486 247 2563 st‘mediis,
265 2487 439 2569 plerumque
455 2501 522 2549 sunt
536 2487 614 2562 talia,
632 2502 664 2550 ut
679 2486 743 2549 aliis
764 2486 820 2549 sint
836 2485 1065 2563 contemnenda,

88 2642 90 2647 ¹
129 2570 194 2633 aliis
209 2592 268 2634 non
284 2572 352 2648 sint,
370 2586 420 2634 aut
430 2592 489 2655 pro
501 2592 642 2654 persona,
657 2582 796 2655 tempore,
810 2572 885 2647 loco,
898 2590 991 2633 causo
1006 2591 1068 2633 ma·
1166 2639 1170 2645 ¹

129 2654 175 2736 gis
190 2677 226 2718 ac
242 2657 337 2719 minus
354 2657 402 2718 vel
420 2672 563 2739 excusata
579 2658 707 2720 debeant
721 2657 827 2735 videri,
844 2657 894 2718 vel
907 2657 1069 2740 reprehen·

130 2739 237 2803 denda.
285 2741 365 2804 Cum
382 2740 515 2805 dicamus
538 2756 635 2805 autem
651 2744 689 2805 de
707 2744 796 2806 rebus
817 2756 866 2806 aut
886 2742 1001 2819 alienis,
1019 2756 1070 2805 aut

129 2826 249 2902 nostris,
267 2826 426 2912 dividenda
441 2828 515 2890 ratio
535 2841 581 2891 est
600 2850 715 2906 eorum,
732 2830 803 2892 dnm
825 2828 953 2891 sciamus
974 2828 1070 2909 plera·

97 2928 188 2991 saque
205 2925 310 2973 neutro
325 2912 395 2973 loco
411 2913 583 2975 convenire.

174 2993 325 3077 Imprimis
338 2995 424 3075 igitur
436 2997 530 3056 omnis
543 2997 586 3056 sui
598 2997 706 3056 vitiosa
717 2994 842 3075 jactatio
858 3007 914 3065 est,
929 2992 1070 3083 eloquen·
1108 3000 1110 3014 ‘

129 3076 189 3141 tiae
206 3093 305 3138 tamen
324 3077 353 3137 in
374 3091 491 3138 oratore
513 3078 696 3157 praecipuc3
719 3076 863 3153 affertque
886 3072 1072 3133 audientibus

128 3182 191 3225 non
206 3159 357 3219 fastidium
373 3160 475 3235 modo,
489 3161 543 3221 sed
559 3160 732 3241 plerumque
747 3156 837 3217 etiam
852 3155 963 3216 odium.
1005 3152 1073 3217 Ha·

128 3248 184 3309 bet
200 3241 278 3305 enim
297 3262 380 3305 mens
401 3257 501 3305 nostra
521 3258 625 3305 natura
645 3242 771 3305 sublime
787 3241 928 3323 quiddam
943 3254 973 3303 et
987 3262 1072 3305 erec·

99 3344 206 3405 astum,
231 3342 260 3391 et
290 3328 447 3411 impatiens
478 3329 648 3411 superioris.
697 3329 839 3410 Ideoque»
858 3326 1006 3412 abjectos,
1023 3342 1075 3392 aut

134 3414 351 3479 summittentes
382 3436 428 3491 se,
450 3414 574 3477 libenter
603 3415 776 3490 allevamus,
793 3414 860 3497 quia
887 3415 946 3476 hoc
973 3413 1074 3477 lacere

134 3514 271 3582 tanquam
293 3499 423 3584 majores
442 3500 579 3562 videmur
594 3521 610 3575 :¹
627 3514 668 3577 et,
686 3499 803 3584 quoties
818 3499 957 3563 discessit
972 3519 1074 3559 aemu÷

135 3585 215 3661 latio,
230 3586 366 3650 succedit
380 3586 555 3649 humanitas.
604 3585 650 3649 At
664 3587 714 3669 qui
729 3608 763 3649 se
779 3608 867 3669 supra
883 3582 1004 3673 modum
1018 3599 1074 3642 ex·
