2459 4200
194 273 254 336 156
478 289 516 336 tr.
536 291 632 336 rsarr
649 289 872 344 cataractam

191 457 261 506 tur:
283 440 361 505 sicut
374 440 477 506 rustici
493 441 643 525 proximas
659 440 725 506 ritis
740 440 858 505 radices
872 454 1037 524 amputant,
1053 463 1129 526 quae

191 527 269 590 illam
292 526 321 590 iu
346 545 495 592 summum
517 526 613 590 solum
637 527 758 605 ducant,
777 539 810 590 ut
835 523 988 590 inferiores
1010 528 1129 611 penitus

190 611 403 676 descendendo
418 612 578 676 firmentur.
628 611 679 676 Ac
699 611 804 675 nescio
821 633 858 675 an
873 624 1039 696 auumque,
1056 634 1130 678 cum

190 717 261 760 cura
282 711 313 762 et
335 697 433 762 studio
455 695 626 775 fecerimus,
641 697 771 761 invicem
793 697 898 780 prosit,
916 710 948 760 ut
969 698 1130 762 scribendo

190 781 325 847 dieamus
340 783 518 866 diligentius,
536 782 666 846 dicendo
688 783 852 846 scribamus
869 780 997 846 facilius.
1045 782 1153 848 Scri-⁵

191 868 322 932 bendum
340 890 423 953 ergo,
440 867 557 952 quoties
579 867 681 931 licebit
697 888 705 944 ;
728 867 754 930 si
777 867 806 930 id
828 889 888 930 non
903 866 1030 945 dabitur,
1047 869 1130 953 cogi·

190 954 336 1016 randum:
367 954 404 1016 ab
427 967 552 1036 utroque
574 952 702 1030 exclusi,
718 952 829 1016 debent
850 966 949 1015 tamen
971 953 1073 1033 anniti,
1098 967 1131 1018 ut
1211 1013 1216 1019 .

190 1059 286 1186 nepue
299 1038 500 1122 deprehensus
516 1051 626 1116 orator,
637 1059 733 1122 neque
748 1038 875 1121 litigator
890 1036 1043 1101 destitutus
1058 1060 1129 1102 esse

191 1145 218 1184 vr
241 1138 332 1187 eatur.

234 1207 415 1293 Plerumque
431 1221 529 1273 autern
544 1208 636 1272 multa
650 1207 803 1292 agentibus
819 1205 941 1283 accidit,
952 1221 984 1270 ut
998 1207 1163 1270 maximam

190 1294 373 1372 necessaria,
389 1307 418 1358 et
433 1295 534 1378 utique
555 1293 637 1357 iniria
656 1293 797 1369 scribant,
814 1306 928 1370 cetera,
944 1313 1022 1377 quae
1036 1291 1129 1357 domo

190 1379 325 1457 afferunt,
343 1380 523 1464 cogitatione
546 1379 791 1462 complectantur,
807 1377 910 1442 subitis
930 1400 971 1442 ex
992 1392 1129 1463 tempore

190 1479 357 1528 occurrant.

232 1547 326 1618 Quod
342 1547 451 1612 secisse
468 1546 514 1610 Μ.
532 1545 666 1611 Tullium
680 1548 902 1612 commentariis
922 1548 1014 1632 ipsius
1033 1570 1127 1633 appa·

188 1645 243 1694 ret.
294 1631 359 1696 Sed
373 1631 505 1696 seruntur
524 1632 649 1715 aliorum
663 1654 795 1717 quoque,
813 1648 845 1697 et
863 1633 974 1697 inventi
989 1632 1080 1713 sorte,
1097 1649 1130 1699 ut
1137 1653 1164 1692 1⁵

169 1745 171 1750 ·
189 1737 241 1780 eos
258 1717 389 1782 dicturus
403 1717 528 1802 quisque
549 1733 771 1801 composuerat,
788 1732 819 1782 et
839 1719 867 1780 in
888 1719 980 1782 libros
993 1715 1102 1802 digesti
1118 1743 1127 1798 ;

189 1817 219 1865 ut
242 1822 396 1868 causarum
417 1824 494 1888 quae
517 1817 583 1867 sunt
605 1818 690 1868 actae
712 1826 731 1868 a
754 1803 823 1869 Ser.
850 1803 1010 1888 Sulpicio:
1041 1803 1127 1890 cujus

188 1903 248 1952 tres
271 1891 419 1954 orationes
442 1903 583 1966 exstant3
606 1890 660 1953 scd
679 1889 710 1968 ii,
728 1891 766 1953 de
784 1889 889 1973 quibus
911 1889 1029 1974 loquor,
1042 1909 1126 1954 com·

187 1973 321 2035 montarii
338 1975 377 2036 ita
397 1989 464 2038 sunt
485 1975 594 2050 exacti,
613 1989 646 2038 ut
662 1976 700 2039 ab
718 1976 786 2058 ipso
805 1974 876 2038 mibi
899 1974 928 2038 iu
952 1975 1127 2039 memoriam
1225 2042 1227 2056 ,

188 2057 367 2141 posteritatis
389 2058 543 2123 videantur
566 2079 635 2123 esse
654 2059 824 2145 compositi.
871 2058 950 2123 Nam
965 2059 1161 2125 Ciceronisau

187 2141 224 2205 ad
248 2158 389 2243 praesens
415 2144 505 2209 modo
528 2157 646 2229 tempus
668 2159 783 2230 aptatos
805 2146 926 2210 libertus
952 2144 1028 2209 Tiro
1052 2169 1123 2211 con-

187 2242 300 2293 traxit:
324 2250 399 2315 quos
421 2251 479 2295 non
507 2230 576 2295 ideo
598 2252 724 2310 excuso,
741 2231 810 2317 quia
831 2254 890 2298 uon
914 2232 1052 2316 probem,
1070 2233 1124 2296 sed

188 2316 291 2381 utsint
305 2316 397 2402 magis
412 2317 609 2382 admirabiles.
1224 2319 1225 2338 *

231 2402 267 2466 In
283 2405 342 2468 hoc
357 2426 465 2488 genere
484 2426 604 2488 prorsus
624 2403 739 2488 recipio
761 2404 837 2467 banc
859 2403 982 2467 brevem
1004 2401 1124 2467 annotass
1223 2469 1224 2474 ,

187 2488 309 2566 tionem,
326 2489 512 2573 libellosque,
530 2490 580 2571 qui
595 2490 644 2553 vel
664 2510 753 2552 manu
768 2503 931 2567 teneantur,
949 2489 1031 2552 etad
1047 2508 1161 2571 quosas

187 2572 301 2636 interim
316 2574 467 2656 respicere
482 2572 526 2637 sas
541 2574 588 2638 sit.
630 2573 719 2652 Illud,
733 2575 815 2657 quod
830 2572 949 2639 Laenas
966 2572 1122 2658 praecipit,

186 2656 333 2740 displicet,
345 2657 427 2729 mihi,
438 2678 514 2740 quae
531 2658 747 2741 scripserimus,
761 2659 790 2721 in
806 2680 947 2737 summas,
959 2658 1023 2722 sive
1038 2680 1122 2721 eom·
1222 2687 1223 2722 t

185 2740 343 2803 mensarios
359 2754 390 2804 et
405 2742 514 2823 cupita,
533 2741 669 2805 conferre
685 2764 692 2802 :
716 2741 788 2805 facit
801 2744 880 2805 euim
895 2744 1029 2807 discendi
1050 2766 1122 2828 neg·

185 2822 333 2906 ligantiam
354 2826 429 2888 baec
447 2825 512 2908 ipsa
527 2826 647 2901 fiducia,
665 2840 695 2887 et
714 2825 825 2887 lacerat
840 2846 877 2887 ac
892 2826 1041 2890 deformat
1055 2850 1123 2893 ora·

104 2910 107 2913 ’
184 2908 306 2971 tionem.
354 2907 422 2993 Ego
439 2923 536 2973 autem
552 2932 589 2973 ne
604 2909 793 2972 scribendum
808 2908 927 2992 quidem
943 2916 1158 2995 puto,quodat
1221 2975 1222 2978 ,

185 2995 275 3059 simus
299 2995 441 3060 memoria
463 2994 658 3081 persecuturi.
705 2991 784 3056 Nam
806 2994 836 3057 id
854 3008 973 3079 quoque
995 2996 1121 3078 accidit,

185 3096 216 3145 ut
244 3098 369 3147 revocet
397 3105 452 3147 nos
479 3080 619 3165 cogitatio
648 3078 687 3143 ad
710 3080 758 3143 illa
781 3080 942 3158 elaborata,
966 3100 1023 3144 nec
1047 3082 1123 3162 sinat

184 3183 372 3250 praesentem
385 3167 533 3232 fortunam
548 3165 687 3251 experiri.
724 3165 778 3252 Sic
794 3186 905 3249 anceps
921 3166 997 3231 iuter
1010 3180 1121 3234 uuum·

184 3271 241 3333 que
254 3252 366 3317 animus
378 3268 503 3331 aestuat,
515 3274 583 3315 cum
596 3263 627 3315 et
640 3252 752 3337 scripta
766 3252 906 3336 perdidit,
917 3267 949 3317 et
960 3274 1019 3315 non
1030 3273 1121 3336 quae·
1219 3211 1222 3351 l

184 3334 220 3397 rit
236 3357 322 3399 nova.
372 3336 436 3403 Sed
458 3339 496 3401 de
518 3337 661 3401 memoria
676 3337 837 3402 destinatus
855 3352 900 3401 est
922 3338 998 3401 libro
1020 3338 1156 3422 prosas
1219 3358 1220 3434 p

184 3442 233 3484 mo
256 3420 353 3501 locus,
369 3444 426 3485 nec
449 3422 517 3485 huie
540 3423 615 3509 parti
638 3422 870 3508 subjungendus,
887 3424 955 3507 quia
977 3437 1045 3487 sunt
1064 3424 1122 3489 alia

184 3505 264 3592 prius
278 3507 364 3573 nobis
379 3507 517 3573 dicenda.
568 3507 626 3591 [X.
641 3512 691 3589 7.]
