2459 4200
163 295 207 356 ta
452 305 489 350 tt.
509 305 604 352 rnen
622 305 846 358 aurnrrursru

163 461 239 524 enda
254 472 320 522 sunt
334 456 384 520 vel
400 457 551 536 diluenda,
568 472 598 521 et
613 456 692 520 utilis
713 470 745 520 et
762 457 895 543 jucunda
910 457 1028 542 partitio
1043 471 1101 535 est,

163 559 205 622 ut,
222 545 303 627 quod
318 563 434 628 quaque
450 543 536 606 dere
552 543 659 606 dicturi
678 565 792 621 sumus,
810 543 915 606 ordine
937 557 1103 627 appareatt

161 644 191 693 at
207 630 231 692 si
248 651 337 692 unum
352 629 467 692 crimen
481 629 563 690 varie
579 627 786 706 defendemus,
801 649 996 712 supervacua.
1044 627 1101 706 Ut,

162 713 186 778 si
210 714 250 777 ita
272 715 453 799 partiamur:
485 713 610 790 Dicam,
628 734 690 776 non
712 715 803 776 talem
825 715 1000 792 ssscbnnc,
1018 734 1104 798 qnam

161 810 258 878 tuear,
283 820 366 862 rcum
390 809 423 860 at
452 799 486 860 in
513 819 545 860 co
573 798 716 860 credibile
740 799 839 860 videri
859 800 956 882 possit
978 800 1136 863 immicis

162 884 271 948 diam:
294 885 406 962 dicam,
425 883 582 946 occidendi
606 905 728 946 samam
749 885 821 947 baia
843 905 905 946 non
917 883 1017 966 saissa
1030 908 1041 946 .·
1055 886 1103 946 di·

157 991 239 1047 cam,
264 971 343 1032 banc
371 991 403 1032 co
430 981 571 1053 tempora,
597 991 655 1053 qao
684 971 769 1032 bomo
796 971 912 1032 occisas
936 981 989 1046 cst,
1018 980 1104 1032 trans

161 1075 242 1116 mars
261 1054 385 1137 saissa:
409 1056 518 1131 omnia,
536 1077 613 1139 quae
634 1069 701 1118 ante
723 1054 765 1132 id,
783 1055 864 1138 quod
886 1054 1019 1117 ultimum
1041 1070 1123 1135 est„

155 1141 332 1223 exequeris,
357 1141 453 1204 inania
482 1141 575 1204 videri
605 1162 730 1204 necesse
760 1153 815 1203 est.
863 1138 998 1203 Festinat
1023 1141 1103 1204 euim

157 1223 253 1309 judex
276 1227 314 1290 ad
338 1227 379 1304 id,
398 1226 479 1310 quod
498 1226 737 1310 potentissimum
757 1239 814 1303 est,
837 1240 867 1288 et
886 1227 968 1288 velut
990 1225 1135 1310 obliga-m

150 1323 223 1373 tum
240 1313 389 1395 promisso
404 1327 573 1396 patronum,
590 1312 615 1375 si
631 1327 677 1375 est
692 1311 861 1395 patientior,
878 1311 985 1374 tacitus
1001 1313 1103 1395 appel·

156 1395 224 1471 det3
248 1397 272 1458 si
288 1398 336 1459 vel
352 1412 529 1481 occupatus,
546 1397 595 1460 vel
610 1398 640 1458 in
655 1397 752 1478 aliqua
767 1410 930 1479 potestate,
947 1397 996 1459 vel
1011 1398 1102 1460 etiarn

160 1479 185 1540 si
202 1480 332 1541 moribus
349 1481 448 1542 incom
471 1481 576 1557 ositus,
594 1502 663 1542 cum
680 1480 819 1546 convicio
835 1482 988 1564 efflagitat.

204 1562 311 1644 Itaque
326 1585 386 1624 non
402 1503 568 1640 dederunt,
583 1565 634 1646 qui
649 1564 809 1628 Ciceronis
825 1566 903 1628 illam
919 1589 975 1651 pro
989 1567 1102 1631 Cluen·

153 1647 202 1709 tio
218 1647 405 1730 partitionem
426 1648 639 1731 improbarent,
657 1671 714 1732 qua
733 1671 766 1712 se
783 1650 929 1714 dicturum
950 1675 1017 1716 esse
1033 1675 1136 1738 pro-rs

154 1731 239 1796 misit
260 1731 399 1816 primum,
416 1735 566 1796 neminem
586 1735 755 1819 majoribus
773 1737 963 1817 crimini-bns,
978 1740 1101 1822 gracio-

158 1818 244 1880 ribas
255 1819 387 1901 testibus,
401 1821 436 1882 in
441 1819 598 1904 judiciam
609 1830 759 1896 vocatam,
774 1843 863 1905 qnam
881 1823 1101 1906 Oppianicum

158 1903 280 1980 deinde,
294 1906 492 1988 praejudicia
509 1927 567 1968 csse
582 1904 675 1987 sacta
690 1907 728 1968 ab
743 1907 785 1968 iis
798 1909 875 1990 ipsis
891 1909 1064 1993 jndicibus,
1083 1931 1102 1972 a

159 1987 268 2070 quibas
291 1989 504 2053 condemnatas
523 1992 562 2053 sit
574 2014 585 2068 3
609 2007 774 2075 postremo,
792 1994 948 2078 judiciam
966 1996 1102 2076 pecnnia

153 2081 302 2135 tentatam
317 2095 413 2139 nona
433 2075 586 2153 Cluentio,
604 2079 656 2140 ssd
672 2089 777 2141 contra
796 2079 995 2142 ditantium:
1018 2081 1136 2164 quiam

154 2157 183 2221 si
197 2159 317 2243 probati
333 2175 448 2245 posset,
465 2164 546 2246 quod
568 2176 614 2226 est
634 2165 765 2244 tertium,
782 2165 852 2227 nihil
871 2175 998 2229 necesse
1013 2166 1102 2231 suerit

153 2245 261 2308 dicere
277 2245 385 2328 priora.
433 2246 563 2328 Rursus,
581 2272 671 2313 nemo
687 2266 747 2313 tam
763 2251 818 2314 erit
832 2266 883 2315 aut
897 2252 1033 2338 injustus,
1051 2268 1102 2316 aut

158 2331 275 2409 stultus,
292 2334 362 2416 quin
379 2356 447 2399 eum
462 2332 587 2399 fateatur
603 2338 717 2421 optime
732 2360 786 2421 pro
808 2335 935 2403 Murena
950 2361 1018 2403 esse
1033 2360 1100 2423 par·

157 2416 254 2495 titum,
274 2417 428 2503 intelligo,
447 2422 583 2497 Jadiccs,
602 2432 661 2483 tres
678 2424 769 2483 totins
784 2425 987 2487 accusationis
998 2435 1101 2507 partes

153 2500 271 2581 faisse,
291 2512 319 2560 ct
334 2523 437 2565 aarum
453 2526 546 2565 arnam
561 2506 596 2565 in
615 2508 844 2585 reprehensione
865 2511 955 2587 vitae,
972 2513 1136 2572 alteramss

155 2586 192 2645 in
209 2586 395 2647 contentione
412 2588 585 2667 dignitatis,
600 2590 719 2651 tertiam
730 2592 766 2651 in
777 2592 957 2657 criminibus
972 2596 1102 2658 ambitae

157 2686 216 2729 csse
229 2676 385 2729 versatam.
423 2670 501 2733 Nam
517 2672 561 2735 sio
578 2687 607 2735 et
624 2674 754 2737 ostendit
768 2676 952 2743 lucidissime
964 2702 1098 2759 causam,
1130 2683 1134 2691 “

154 2766 189 2815 et
204 2752 274 2815 nihil
289 2750 361 2814 seeit
376 2753 468 2817 altero
484 2780 712 2840 supervacuum.

201 2836 254 2899 De
271 2836 321 2897 illo
338 2858 456 2921 quoqne
477 2863 586 2924 genere
602 2842 783 2909 defensionis
802 2848 936 2933 plerique
952 2851 1099 2931 dubitant,

162 2922 199 2983 Si
224 2921 429 2998 occidissem
448 2924 536 3005 saci:
560 2929 611 2990 scd
633 2950 695 2993 non
721 2933 831 2993 occidi.
849 2956 909 3018 quo
925 2935 1002 2996 enim
1019 2938 1139 3018 priusas

154 3007 317 3093 pertinere,
346 3008 370 3071 si
398 3030 523 3093 sequens
547 3014 664 3077 firmum
691 3016 755 3079 sit?
785 3018 861 3083 haec
888 3020 1017 3082 invicem
1044 3021 1099 3084 ob-

152 3108 249 3172 stare,
277 3108 307 3157 et
336 3110 461 3179 utroque
492 3100 650 3179 utentibus,
675 3102 705 3164 in
734 3118 840 3168 neutro
865 3105 968 3168 haberi
991 3106 1098 3171 fidem.

40 3220 51 3227 ,
154 3178 253 3249 Quod
275 3203 346 3244 sane
369 3182 398 3243 in
421 3196 628 3265 perseverum
652 3203 709 3268 est,
730 3212 799 3253 oum
822 3191 872 3255 illo
899 3192 1034 3276 sequenti
1060 3193 1100 3276 (si

152 3264 249 3325 modo
271 3265 463 3328 indubitabile
485 3270 542 3351 est)
566 3274 603 3335 sit
625 3274 691 3337 solo
712 3278 864 3341 utendum.
914 3276 970 3355 Ar,
988 3279 1013 3341 si
1028 3280 1101 3361 quid

158 3346 187 3445 in
208 3368 256 3422 eo,
275 3348 355 3430 quod
377 3362 423 3445 est
446 3348 560 3428 fortius,
578 3358 758 3439 timebimus,
775 3378 899 3447 utraque
922 3364 1136 3446 probationem

153 3444 293 3495 nitemur.
342 3430 430 3497 Altus
447 3436 525 3497 enim
540 3437 597 3499 alio
612 3447 725 3510 moveri
740 3448 839 3510 solet:
863 3462 905 3525 et,
922 3449 972 3531 qui
987 3448 1101 3514 factum

154 3518 282 3603 putavit,
295 3533 408 3603 justum
424 3521 548 3583 credere
565 3538 684 3606 potest:
708 3532 758 3613 qui
777 3546 917 3615 tanquam
936 3532 1018 3617 justo
1038 3556 1100 3600 uon

153 3604 334 3683 movebitur,
351 3602 463 3668 iactum
484 3604 610 3673 fortasse
629 3633 687 3675 non
711 3616 825 3678 credet.
874 3616 920 3681 Ut
935 3634 1019 3683 certe
1034 3643 1098 3685 ma·
