2459 4200
349 305 501 352 senecta
518 304 667 361 queunte
686 306 821 353 cantra.
1008 288 1070 357 189

152 461 173 521 't
196 458 386 541 reipublicae
410 458 446 519 da
477 452 584 536 seluta,
602 474 692 543 quom
716 460 754 519 de
782 473 839 521 tue
863 460 1066 543 perturbetur.

121 474 249 609 §elude
270 543 355 627 quasi
377 544 543 628 objurgatio
566 544 610 607 sui
633 558 691 622 est,
708 542 766 605 Mt
790 544 832 606 ud
857 546 923 629 ejus
946 561 1070 611 testam

119 642 229 715 potem
250 622 352 691 animi
368 629 611 712 magnitudinem
632 626 739 713 offerre
761 646 823 691 nott
841 647 937 713 potet.
986 630 1070 699 Tum

123 715 328 793 invidiosiora,
354 715 561 777 Temenitem
581 716 651 777 noet'
665 708 784 800 judieii
799 733 878 779 noro
888 714 996 799 sermo
1011 729 1068 780 ter-

100 812 171 863 eret
186 802 296 863 oeulos.
344 798 401 863 Illa
416 819 489 863 vero
501 800 565 886 jam
582 818 677 885 paene
692 802 814 885 apertis,
826 814 858 864 ut
873 802 965 880 aiunt,
977 798 1067 882 tibiis,

132 886 209 964 Qui,
223 900 396 971 quoeunque
409 886 593 966 inciderunt,
606 878 849 949 consuetudinem
856 884 937 970 sori,
949 897 977 950 tt
987 889 1069 971 pn'r·

123 973 222 1035 tinem
243 987 354 1035 merent
365 971 557 1057 judiciorum
572 992 604 1035 re
626 973 741 1037 mittet.
789 972 869 1036 Nam
884 993 1012 1059 sequens
1027 973 1069 1039 lt·

123 1070 185 1121 tum
202 1058 292 1121 etiam
308 1070 397 1142 atque
412 1055 508 1123 fusum
528 1070 584 1137 est,
601 994 680 1122 idon
696 1059 775 1121 enim
790 1075 904 1121 torono
919 1077 1070 1125 comerent

123 1145 218 1205 vester
234 1144 350 1206 cinctus
365 1154 417 1221 est,
435 1144 602 1207 attolebat.
651 1144 746 1215 Quod
761 1145 873 1222 notavi,
891 1158 923 1209 ut
942 1166 1068 1229 appare-

89 1238 182 1305 nter,
199 1247 258 1290 non
275 1229 370 1291 solum
392 1228 420 1291 in
441 1228 582 1291 membris
598 1247 718 1305 causae,
736 1229 791 1291 sed
812 1229 900 1291 etiam
916 1230 946 1292 in
962 1230 1069 1293 articu-

124 1306 162 1377 lls
178 1333 245 1377 esse
260 1310 387 1398 aliquam
402 1313 618 1397 pronunciandi
638 1313 825 1391 varietatem,
843 1314 906 1377 sine
922 1335 980 1399 qua
999 1313 1070 1379 nibil

124 1414 223 1483 neque
238 1398 332 1483 majus
349 1420 445 1483 neque
461 1399 556 1462 nrinus
572 1412 628 1462 est.

170 1481 244 1548 Vox
259 1499 359 1548 autem
374 1486 446 1548 ultra
459 1484 536 1548 vires
551 1484 681 1569 urgenda
698 1498 757 1547 nun
773 1498 828 1547 est.
868 1483 948 1548 Nam
964 1499 995 1548 et
1009 1482 1068 1549 sul-

124 1568 241 1633 fooatur
256 1592 359 1654 saepe,
377 1586 406 1634 et
421 1569 535 1656 majore
549 1571 615 1634 nisu
630 1571 726 1634 minus
742 1572 822 1634 olara
837 1584 894 1650 est,
907 1586 938 1635 et
952 1572 1069 1636 interim

90 1654 199 1719 tselisa
213 1654 242 1717 in
259 1655 338 1718 illum
354 1678 457 1720 sonum
475 1656 612 1741 erumpit,
626 1657 675 1720 cui
691 1656 804 1721 Graeci
820 1677 929 1721 nomen
945 1658 1069 1741 agello·

125 1762 192 1804 rum
213 1740 367 1804 immaturo
389 1756 476 1805 cantu
492 1743 648 1805 dederunt.
695 1742 763 1806 Neo
779 1736 965 1804 volubilitate
978 1738 1071 1805 nimia

125 1824 347 1906 confundenda,
364 1842 441 1911 quae
458 1826 605 1889 dicimus:
630 1841 689 1908 qua
712 1838 742 1888 et
761 1826 912 1887 distinctio
934 1820 1022 1908 perit,
1040 1838 1070 1887 et

124 1904 278 1989 affectus3
302 1926 333 1975 et
352 1928 559 1996 nonnunquam
578 1910 669 1972 etiam
687 1910 778 1972 verbe
801 1909 898 1993 aliqua
921 1908 965 1972 sui
984 1921 1070 1993 parte

124 1994 304 2060 fraudantur.
344 1993 404 2061 Cui
420 1994 599 2060 eontrarium
616 2009 662 2059 est
672 1994 776 2060 vitium
791 1995 899 2059 nimius
913 1994 1066 2061 tarditatis.

90 2078 206 2145 toNam
223 2094 252 2146 et
267 2074 469 2148 difficultatem
491 2074 659 2152 inveniendi
678 2080 796 2162 latetur,
813 2095 844 2148 et
863 2082 987 2166 segnitia
1009 2075 1069 2146 sol·

125 2167 169 2230 vit
185 2169 310 2247 animos,
329 2181 370 2249 et,
388 2169 417 2231 in
432 2187 492 2252 quo
508 2181 553 2231 est
568 2168 691 2251 aliquid,
709 2169 893 2250 temporibus
908 2166 1069 2250 praefinitis

126 2268 233 2338 equam
248 2253 356 2338 perdit.
404 2249 583 2335 Promptum
605 2253 642 2312 sit
664 2270 711 2326 os,
728 2268 789 2311 non
810 2263 981 2332 praeceps:
1004 2265 1069 2310 mo·

126 2339 273 2418 demtum,
290 2357 349 2402 nou
370 2339 491 2400 lentum.
542 2334 672 2417 Spiritus
687 2348 806 2416 quoque
826 2350 884 2394 nee
899 2332 1007 2400 erebro
1023 2347 1069 2395 re·

126 2439 232 2508 ceptus
249 2424 389 2489 concidet
404 2420 579 2484 sententiam
596 2436 603 2479 t
627 2433 684 2480 neo
699 2438 738 2479 eo
753 2429 847 2500 usque
861 2415 1001 2493 trabatur,
1016 2416 1069 2478 do-

90 2518 183 2572 senee
200 2511 330 2573 deficiat.
378 2506 457 2569 Nam
473 2517 503 2568 et
519 2501 661 2566 deformis
684 2516 731 2566 est
752 2501 900 2565 consumti
922 2500 999 2564 illius
1020 2518 1069 2564 so·

124 2609 193 2673 nus,
206 2609 236 2657 et
251 2592 406 2677 respiratio
422 2591 476 2654 sub
492 2608 567 2673 aque
582 2588 632 2650 diu
647 2580 742 2673 pressi
757 2578 872 2667 similis,
884 2600 915 2650 et
929 2599 1069 2670 receptus

124 2678 254 2760 longior,
267 2689 296 2740 et
311 2695 369 2739 non
386 2685 581 2760 opportunus,
593 2688 625 2738 ut
660 2674 688 2736 ui
704 2675 765 2752 fiat,
779 2693 839 2737 non
854 2673 904 2738 ubi
919 2672 1068 2752 volumus,

124 2763 183 2826 sed
204 2763 253 2825 ubi
275 2783 400 2825 necesse
422 2776 477 2825 est.
525 2760 630 2833 Quare
639 2695 816 2845 longiorem
834 2751 955 2824 dicturis
970 2753 1069 2844 petio·

126 2847 197 2910 tlum
211 2848 393 2934 colligendus
407 2857 452 2912 est
468 2848 584 2932 spiritus
602 2863 610 2909 t
634 2846 838 2925 intueremur
851 2847 880 2909 id
895 2864 993 2931 nequo
1005 2845 1067 2923 diu,

91 2941 223 3018 ltneque
240 2957 308 2998 curn
325 2954 399 2998 sono
414 2925 570 3011 suciamus,
585 2953 682 3016 neque
698 2933 819 2994 omnino
835 2944 866 2992 ut
881 2929 1070 3023 manifestum

127 3019 189 3082 sit:
214 3020 334 3103 reliquis
357 3020 489 3102 partibus
512 3019 627 3100 optime
649 3018 725 3077 inter
747 3015 903 3097 juncturas
925 3029 1071 3073 sermome

125 3104 328 3167 revocabitur.

171 3187 371 3250 Exercendus
402 3197 501 3248 autem
532 3195 589 3259 est,
615 3193 647 3245 ut
676 3181 713 3244 sit
742 3197 831 3263 quarn
860 3177 1070 3262 longissimus:

127 3275 209 3359 quod
232 3271 457 3336 Demosthenes
478 3279 509 3332 ut
530 3269 675 3352 efficeret,
693 3266 840 3330 scandens
863 3264 893 3328 in
914 3266 1072 3330 adversum
1109 3343 1116 3348 .

93 3359 318 3424 econtinuabat
334 3375 422 3442 quam
443 3368 547 3440 posset
569 3353 712 3438 plurimos
731 3373 846 3416 versus.
894 3351 994 3433 Idem,
1012 3376 1071 3440 quo

127 3435 242 3510 facilius
258 3445 348 3508 verba
365 3463 418 3506 ore
433 3441 526 3504 libero
543 3440 736 3525 exprimeret,
748 3439 879 3504 calculos
894 3439 992 3525 lingua
1007 3439 1071 3502 vol-

130 3545 203 3595 vens
220 3525 322 3594 disere
338 3528 418 3592 dorni
435 3526 560 3591 solebat.

173 3617 231 3682 Est
246 3613 362 3680 interim
378 3623 408 3678 et
428 3607 545 3696 longus,
563 3621 593 3675 et
606 3611 724 3696 plenus,
742 3626 772 3676 et
787 3613 884 3676 olarus
900 3607 970 3673 satis
985 3595 1071 3688 spirl-
