2459 4200
378 310 531 355 senecas
549 310 699 364 ananan
716 312 851 357 cantra.
1027 296 1092 362 88⁶

192 462 339 528 Ceterum
360 476 391 525 ut
407 463 444 525 de
466 461 605 527 Homero
627 477 756 541 taceam,
774 464 804 527 iu
824 486 884 548 quo
906 464 1011 529 nullius
1034 486 1094 529 non

149 548 219 613 artis
235 560 286 611 aut
301 563 474 632 praecepta,
493 564 542 611 aut
557 563 640 612 certe
660 572 720 612 non
736 549 826 613 dubia
841 550 966 633 vestigia
980 551 1093 634 reperi·

148 648 261 710 untur;
284 646 315 695 ut
331 632 440 697 Eleum
454 632 601 718 Hippiam
618 649 777 733 transeam,
789 636 840 719 qui
856 658 915 699 non
930 635 1095 699 liberalium

149 720 242 783 modo
259 718 480 803 disciplinarum
496 742 567 804 prae
583 742 615 783 se
632 720 787 784 scientiam
802 721 877 799 tulit,
892 721 946 784 sed
962 734 1092 801 vestem,

128 818 181 869 tet
196 804 347 883 annulum,
365 805 573 903 crepidasque,
588 828 666 891 quae
681 806 779 869 omnia
795 828 884 869 manu
899 827 952 869 sua
967 804 1092 884 fecerat,

150 890 179 953 in
195 912 250 955 usu
266 890 377 967 habuit,
395 904 494 988 atque·
500 891 538 953 ita
555 913 588 954 se
605 892 803 975 praeparavit,
821 914 859 954 ne
874 891 959 977 cujus
975 892 1094 955 alterius

150 998 209 1059 ope
227 988 328 1058 egeret
350 976 434 1039 ullius
453 975 519 1038 rei:
545 976 675 1061 Gorgias
690 999 809 1075 quoque
830 999 965 1040 summae
988 998 1093 1039 senec·

149 1061 219 1125 tutis
235 1082 378 1145 quaerere
394 1061 555 1139 auditoreS,
574 1063 611 1125 de
627 1084 687 1146 quo
703 1063 827 1147 quisque
843 1064 944 1140 vellet,
958 1061 1092 1147 jubebat.

150 1145 241 1217 Quae
264 1146 383 1209 tandem
407 1168 452 1209 ars
472 1147 558 1229 digna
583 1148 675 1211 literis
699 1146 819 1210 Platoni
841 1147 962 1211 defuit?
1009 1148 1095 1218 Quot

116 1230 279 1295 resaeculis
297 1230 478 1294 Aristoteles
495 1232 609 1309 didicit,
628 1248 658 1295 ut
679 1254 737 1295 non
758 1233 856 1295 solum
870 1254 947 1316 quae
969 1232 1007 1293 ad
1028 1232 1094 1315 phi·

150 1316 294 1400 losophos
310 1330 398 1400 atque
415 1330 547 1379 oratores
563 1317 723 1401 pertinent,
735 1317 859 1379 scientia
875 1317 1094 1415 complectere·

150 1417 208 1479 tur,
226 1402 280 1465 sed
296 1401 464 1465 animalium
480 1417 670 1485 satorumque
686 1417 804 1466 naturas
820 1424 925 1465 omnes
941 1401 1094 1486 perquire·

150 1502 219 1555 ret
215 1488 226 1531 ³
270 1485 334 1549 Illis
351 1488 428 1549 enim
445 1488 519 1550 haec
536 1487 711 1551 invenienda
726 1487 853 1566 fuerunt,
865 1487 952 1551 nobis
967 1508 1095 1571 cognos-

152 1573 249 1636 cenda
265 1587 341 1635 sunt.
392 1573 456 1635 Tot
476 1595 530 1636 nos
551 1574 808 1657 praeceptoribus,
826 1588 870 1637 tot
888 1573 1060 1658 exemplis'
1051 1594 1094 1635 m·

117 1658 257 1723 restruxit
279 1659 444 1743 antiquitas,
464 1674 494 1722 ut
516 1662 611 1743 possit
632 1660 726 1722 videri
748 1660 826 1723 nulla
850 1674 930 1723 sorte
953 1658 1096 1721 nascendi

152 1758 231 1808 aetas
246 1742 374 1821 felicior,
392 1766 481 1827 quam
497 1758 608 1821 nostra,
627 1767 675 1807 cur
667 1745 848 1807 docendae
862 1744 978 1828 priores
994 1743 1094 1806 elabo-

152 1844 300 1893 raverunt.

197 1912 243 1975 Μ.
260 1913 424 1976 Censorius
440 1913 532 1991 Cato,
547 1914 628 1976 idem
644 1928 756 1991 orator,
770 1914 851 1981 idern
865 1912 1095 1976 historiaecon·

153 2000 242 2098 ditor,
260 2000 341 2063 idern
361 1998 448 2084 juris,
467 1999 546 2062 idem
569 2022 666 2063 rerum
688 1999 864 2063 rusticarum
885 1997 1094 2084 peritissimus,

67 2127 70 2138 ι
118 2085 228 2152 suinter
244 2101 288 2149 tot
308 2108 414 2170 operas
437 2086 518 2150 milit
499 2102 569 2165 trae,
587 2101 681 2150 tantas
697 2086 778 2150 domi
794 2085 1014 2165 contentiones,
1030 2085 1096 2150 rudi

154 2173 286 2250 saeculo,
304 2173 403 2234 literas
421 2172 556 2235 Graecas
576 2188 673 2235 aetate
690 2172 755 2256 jam
770 2173 917 2236 declinata
932 2172 1048 2248 didicit,
1065 2185 1098 2235 ut

154 2271 235 2322 esset
258 2257 425 2320 hominibus
445 2258 638 2334 document0,
656 2279 691 2320 ea
711 2278 831 2340 quoque
854 2255 969 2340 percipi
991 2277 1095 2340 posse,

154 2364 230 2426 quae
246 2365 333 2406 senes
349 2342 572 2426 concupissent.
613 2342 715 2412 Quam
730 2341 853 2417 multa,'
847 2363 906 2402 rmo
921 2362 1017 2424 paene
1033 2363 1097 2404 om·

153 2428 202 2490 nia
225 2428 345 2490 tradidit
367 2427 494 2490 Varro?
540 2427 664 2496 Quod
657 2440 880 2489 rustrumentum
900 2426 1021 2488 dicendi
1046 2424 1094 2488 M.

119 2512 260 2576 atTullio
273 2512 328 2576 def
314 2512 393 2574 f?uit
431 2511 514 2582 Quid
531 2513 613 2609 plura
631 2513 643 2572 ?
665 2534 733 2573 cnm
751 2511 839 2574 etiam
851 2510 1011 2575 Cornelius
1024 2510 1098 2575 Cel·

156 2621 217 2673 sus,
231 2597 415 2660 mediocri
389 2619 431 2658 vrr
444 2597 572 2680 ingenio,
585 2619 642 2660 non
658 2598 754 2660 solum
766 2598 804 2661 de
817 2597 862 2660 his
875 2597 1011 2660 omnibus
1024 2619 1097 2676 cou-

156 2681 309 2764 scripserit
330 2681 452 2759 artibus,
471 2684 523 2745 sed
547 2683 672 2767 amplius
693 2683 736 2745 rei
760 2683 904 2759 militaris,
922 2698 952 2746 et
970 2683 1098 2749 rusticae

157 2765 258 2844 etiam,
281 2782 310 2830 et
335 2767 502 2832 medicinae
528 2785 690 2853 praecepta
716 2769 894 2854 reliquerit?
922 2769 1026 2854 dignus
1051 2770 1099 2834 vel

155 2852 222 2936 ipso
238 2855 404 2938 proposit0,
422 2871 454 2918 ut
470 2878 536 2918 eum
553 2855 647 2918 scisse
663 2855 762 2918 omnia
776 2857 825 2919 illa
842 2857 1010 2920 credamus.

123 2937 246 3002 atAt
262 2940 404 3021 perficere
418 2956 528 3003 tantum
542 2963 630 3022 opus,
643 2941 788 3002 arduum·
782 2986 790 3013 ,
812 2955 843 3002 et
859 2961 947 3002 nemo
961 2938 1096 3022 perfecit.

123 2959 242 3084 aoAnte
265 3024 362 3084 omnia
387 3025 494 3085 sufficit
522 3025 557 3086 ad
583 3022 821 3084 exhortationem
847 3023 1024 3100 studiorum,
1041 3045 1100 3086 nnn

158 3105 297 3168 cadere
290 3127 318 3166 rn
339 3128 437 3168 rerum
459 3122 603 3182 naturam,
622 3120 653 3169 ut
673 3105 814 3188 quicquid
832 3127 891 3167 non
910 3121 957 3168 est
976 3105 1098 3186 factum,

152 3212 196 3252 ne
210 3190 275 3252 fieri
287 3189 406 3271 quidem
422 3191 540 3274 possit;
564 3205 625 3254 tum
642 3191 751 3267 omnia,
766 3212 842 3274 quae
858 3212 961 3273 magna
976 3206 1042 3254 sunt
1057 3208 1100 3255 at-

158 3296 216 3360 que
233 3275 425 3352 admirabilia,
443 3292 560 3360 tempus
577 3277 708 3374 aliquod,
726 3297 796 3378 quo
803 3277 930 3360 primurn
945 3278 1100 3341 efficeren-
1129 3276 1131 3291 ’

125 3375 216 3438 antur,
234 3360 381 3423 babuisse.
428 3359 582 3431 Quantum
605 3361 684 3424 enim
708 3361 813 3460 poesis
839 3363 877 3425 ab
902 3361 1043 3426 Homero
1072 3379 1100 3425 et

160 3446 299 3531 Virgilio,
316 3459 427 3509 tantum
444 3445 588 3531 fastigium
608 3448 729 3532 accepit
749 3447 949 3532 eloquentiae
965 3448 1099 3511 Demos·

160 3533 248 3596 thene
264 3549 352 3617 atque
365 3531 526 3596 Cicerone
569 3532 712 3618 Denique
725 3533 867 3618 quicquid
882 3547 928 3596 est
942 3532 1099 3617 optimum,

161 3632 230 3682 ante
244 3640 303 3680 non
319 3617 424 3682 fuerat.

204 3702 321 3766 Verum
342 3704 455 3768 etiamsi
476 3704 542 3789 quis
568 3725 684 3768 summa
699 3705 851 3790 desperet,
872 3702 966 3787 (quod
986 3723 1042 3768 cur
1058 3700 1102 3767 fa·
