2459 4200
348 294 503 339 sennem
521 294 671 349 ananau
688 297 824 341 carran.
1004 284 1066 345 tas

169 444 294 509 Bracbii
319 447 472 509 moderatu
495 446 644 531 projectio
666 448 798 512 remissis
819 448 961 524 humeris,
978 464 1069 533 atque

126 530 345 615 explicantibus
368 552 401 593 se
423 532 453 593 in
477 530 655 614 proferenda
678 554 765 595 manu
783 534 893 615 digitis,
910 534 1069 599 continuos

126 633 156 679 et
167 617 361 679 decurrentes
376 614 460 679 locos
476 618 607 679 maxime
623 619 722 680 decet.
757 616 803 680 At
817 640 887 680 cum
903 620 1069 701 speciosius

126 702 199 785 quid
213 702 393 783 uberiusque
409 702 568 763 dicendum
589 715 696 777 est,·ut
715 701 798 779 illud,
819 704 904 764 Saea
918 712 1007 784 atque
1021 724 1068 765 so·

102 787 274 849 elitudioes
295 787 361 848 coci
384 786 572 867 respondent,
597 787 764 870 expatiatur
785 788 815 849 in
837 787 924 864 latus,
948 801 979 849 et
1004 788 1069 870 ipsa

128 872 352 955 quodammodo
368 892 401 933 sc
417 892 485 933 cum
500 886 585 954 gestu
600 870 696 933 sundit
710 872 816 935 oratio.
1064 927 1068 935 ,

171 955 283 1019 Manus
299 976 384 1034 vero,
396 956 459 1018 sine
471 957 576 1038 quibus
593 971 696 1019 trunca
711 971 792 1019 esset
806 956 886 1019 actio
900 978 937 1019 ac
950 955 1068 1032 debilis,

127 1041 179 1106 vix
194 1042 255 1105 dici
275 1055 385 1124 potest,
403 1056 475 1125 quot
495 1056 592 1122 motus
613 1042 751 1115 habeant,
768 1064 837 1104 cnm
859 1062 955 1124 paene
975 1041 1071 1124 ipsam

126 1128 288 1190 verborum
311 1126 430 1209 copiam
453 1141 677 1209 persequantur.
725 1124 804 1187 Nam
827 1142 947 1189 ceterae
970 1141 1070 1207 partes

93 1234 119 1273 ro
126 1212 300 1295 loquentem
320 1210 472 1295 adjuvant,
490 1212 558 1285 hae,
577 1232 671 1293 prope
687 1224 779 1271 estut
794 1210 904 1286 dicam,
920 1211 1004 1292 ipsae
1025 1209 1070 1269 lo·

127 1312 266 1381 quantur.
314 1294 374 1359 His
405 1296 569 1378 poscimus,
593 1294 782 1377 pollicemur,
799 1315 955 1368 vocamus,
972 1292 1070 1353 dimit·

127 1384 230 1460 timus,
258 1382 415 1457 minamur,
438 1381 651 1464 supplicamus,
673 1378 888 1454 abominamur,
906 1377 1070 1451 timemus;

128 1468 280 1551 gaudium,
298 1466 455 1543 tristitiam,
473 1464 698 1539 dubitationem,
717 1462 949 1538 confessionem,
966 1460 1069 1543 poeni·

128 1554 264 1629 tentiam,
277 1553 409 1628 modum,
421 1551 551 1633 copiam,
563 1570 729 1625 numerum,
741 1563 857 1631 tempus
872 1546 1066 1611 ostendimus.

95 1637 202 1701 rsNon
230 1636 408 1700 concitant?
431 1636 590 1699 inhibent?
614 1634 811 1718 supplicant?
837 1632 990 1717 probant?
1016 1633 1069 1695 ad-

129 1723 299 1786 mirantur?
322 1720 585 1785 verecundantur?
631 1720 702 1781 Non
723 1720 753 1781 in
768 1717 1005 1779 demonstrandis
1024 1716 1069 1775 lo·
1124 1733 1132 1739 “

130 1809 175 1871 cis
191 1829 226 1869 ac
242 1807 377 1889 personis
393 1806 600 1867 adverbiorum
616 1817 705 1883 atque
719 1801 927 1882 pronominum
937 1797 1071 1859 obtinent

129 1893 231 1955 vicem
247 1892 258 1951 i
303 1890 393 1954 Utin
406 1903 485 1952 tanta
502 1909 555 1970 per
571 1907 675 1949 omnes
690 1897 794 1965 gentes
808 1883 1001 1963 nationesque
1015 1881 1069 1941 lin·

130 1996 209 2059 guae
228 1976 397 2039 diversitate
417 1974 466 2037 hic
490 1971 560 2035 mihi
579 1969 711 2033 omnium
730 1967 882 2031 hominurn
903 1966 1070 2030 communis

95 2082 232 2128 acsermo
246 2062 390 2125 videatur.
1038 2116 1041 2120 ,

175 2146 218 2209 Εῑ
233 2147 262 2208 hi
278 2147 410 2229 quidem,
428 2143 587 2226 dequibus
608 2164 675 2204 sutn
694 2142 822 2215 locutus,
838 2161 909 2201 cum
928 2139 1000 2219 ipsis
1016 2159 1069 2199 vo-

130 2231 219 2310 cibus¹
232 2231 400 2294 naturaliter
415 2240 524 2292 exeunt
539 2240 639 2307 gestus
656 2247 664 2283 ε
688 2224 737 2284 olii
752 2237 830 2297 sunt,
846 2223 960 2302 quires
976 2221 1070 2280 imita·

130 2316 213 2378 tione
234 2316 420 2399 significant:
445 2326 476 2373 ut
496 2310 521 2370 si
542 2329 674 2388 aegrum,
691 2305 829 2367 tentantis
850 2324 939 2364 venas
961 2301 1071 2362 medici

132 2401 333 2476 similitudine,
350 2412 401 2460 aut
415 2393 632 2467 citharoedum,
649 2388 782 2451 formatis
804 2387 842 2447 ad
862 2385 985 2447 modum
1003 2405 1070 2465 per·

95 2505 124 2546 ss
132 2486 270 2548 cutientis
285 2503 392 2546 nervos
408 2479 554 2552 manibus,
566 2474 719 2551 ostendas,
729 2471 811 2554 quod
823 2484 869 2556 est
880 2491 972 2552 genus
983 2489 1072 2550 quam

131 2570 303 2652 longissime
326 2568 355 2627 in
376 2565 493 2627 actione
514 2559 696 2642 fugiendum.
744 2556 866 2618 Abesse
886 2553 967 2624 enirn
982 2551 1071 2634 pluri·

130 2675 215 2716 mum
230 2674 248 2712 a
265 2650 404 2711 saltatore
420 2649 511 2710 debet
531 2657 642 2721 orator,
659 2655 692 2703 nt
713 2641 751 2703 sit
769 2654 869 2723 gestos
890 2638 929 2700 ad
952 2658 1072 2700 sensum

129 2735 238 2817 magis,
263 2754 351 2815 quam
382 2733 420 2795 ad
448 2730 551 2806 verba,
577 2727 846 2791 accommodatus:
872 2724 953 2808 quod
984 2723 1074 2786 etiam

131 2819 323 2884 histrionibus
339 2817 438 2902 paullo
453 2815 636 2898 gravioribus
651 2811 751 2876 lacere
771 2810 862 2875 moris
877 2809 941 2873 luit.
988 2808 1072 2890 Ergo

96 2921 165 2972 aaut
180 2905 218 2968 ad
237 2927 269 2968 se
289 2925 409 2968 manum
423 2901 546 2978 referre,
565 2921 635 2963 cum
650 2900 688 2961 de
704 2920 738 2961 se
753 2899 820 2979 ipso
834 2896 981 2976 loquatur,
999 2893 1073 2953 etin

133 2993 214 3065 eum,
232 3011 322 3072 quem
337 2990 531 3061 demonstret,
549 2985 714 3056 intendere,
731 2996 762 3041 et
783 2980 881 3056 aliqua
902 2977 948 3035 his
968 2974 1075 3066 similia

133 3074 318 3160 permiserim
337 3094 344 3134 :
367 3072 408 3134 ita
423 3093 493 3147 non,
510 3070 652 3148 effingere
667 3079 759 3126 status
774 3059 933 3142 quosdam,
946 3069 977 3116 et
991 3075 1074 3137 qute-

131 3159 205 3242 quid
221 3157 313 3234 dicet,
331 3157 501 3220 ostendere.
901 3225 907 3237 ι

177 3241 285 3324 Neque
309 3243 339 3306 id
362 3243 391 3304 in
414 3239 548 3302 manibus
575 3235 683 3307 solnm,
700 3231 756 3294 sed
777 3229 806 3290 iu
829 3247 908 3288 omui
931 3236 1016 3321 gestu
1038 3244 1076 3286 ac
1110 3296 1117 3308 ,ι

100 3351 213 3394 esoce
235 3329 414 3390 servandum
437 3339 492 3388 est.
539 3320 609 3384 Non
633 3317 711 3381 enim
738 3328 787 3378 ant
812 3312 840 3374 in
866 3311 913 3374 illa
937 3309 1074 3394 periodo,

139 3415 226 3478 Stetit
240 3415 369 3476 soleatus
382 3413 510 3472 Praetor
522 3405 631 3489 populi
643 3401 789 3476 Romani,
800 3396 948 3460 inclinatio
963 3396 1076 3490 iocum·

44 3549 53 3560 ,
134 3500 230 3562 bentis
246 3499 276 3560 in
292 3496 495 3568 mulierculam
513 3491 620 3556 Verris
636 3487 802 3570 effingenda
817 3497 863 3546 est
877 3505 885 3558 ;
907 3496 956 3545 aut
971 3481 999 3540 in
1015 3477 1074 3550 rlla,

140 3585 339 3648 (laedebatur.
352 3584 387 3646 iu
410 3579 506 3644 medio
524 3576 599 3661 soro
618 3573 797 3649 Messanae,
816 3583 912 3632 motus
937 3564 1074 3635 laterum,
