2459 4200
170 218 213 282 80
458 227 495 272 u.
515 227 610 272 rann
630 224 853 278 eutaricum

167 401 199 450 ut
209 381 328 470 judices
344 379 392 459 iis,
408 399 483 464 qnos
498 377 636 444 libentius
651 377 784 455 andiunt,
801 375 890 440 atium
912 372 1027 438 facilius
1040 395 1117 438 cre·

169 469 251 533 dant.

210 551 312 638 Ipsius
335 563 435 614 autem
457 549 612 649 litigatoris
636 568 764 633 persona
785 546 939 610 mactanda
953 545 1034 609 varie
1049 559 1113 609 est.

168 637 248 702 Nam
262 651 325 700 tum
340 635 465 719 dignitas
487 656 551 720 equs
571 635 724 717 allegatur,
741 647 804 694 tum
825 632 1051 695 commendatur
1066 631 1117 694 in-

168 723 300 789 firmitas.
347 720 566 804 Nonnunquam
589 718 731 802 contingit
749 717 853 780 relatio
868 718 1054 795 meritorum,
1072 718 1140 780 des

167 809 273 894 quibus
300 805 499 870 verecundius
526 805 688 868 dicendum
712 803 768 866 erit
796 825 861 881 sua,
888 824 977 887 quam
1002 803 1116 878 aliena,

92 933 96 940 ·
168 893 308 959 laudanti.
357 889 487 954 Multum
508 892 567 975 agit
585 913 688 969 sexus,
705 902 800 966 aetas,
818 889 964 966 conditio,
980 888 1011 950 in
1025 886 1117 950 semi·

168 979 226 1058 nis,
248 979 380 1054 senibus,
401 977 532 1061 pupillis,
557 977 679 1054 liberos,
703 989 851 1058 parentes,
873 973 1018 1058 conjuges
1041 973 1119 1036 alle·

164 1064 315 1148 gentibus.
363 1062 443 1126 Nam
466 1063 529 1125 sola
553 1076 670 1124 rectum
692 1080 812 1143 quoque
833 1058 969 1144 judicem
991 1058 1118 1122 inclinat
1214 1130 1215 1137 ἵ

165 1149 331 1212 miseratio.
388 1146 589 1230 Degustanda
618 1159 719 1208 tamen
747 1146 824 1206 haec
853 1143 1022 1227 prooemio,
1052 1162 1154 1206 nonno

163 1233 383 1298 consumenda.
958 1284 961 1290 Α

191 1390 196 1394 ,
214 1317 393 1382 Adversarii
407 1337 481 1380 vero
499 1337 627 1415 persona
647 1335 744 1399 prope
765 1313 872 1376 iisdem
891 1312 1039 1390 omnibus,
1057 1313 1121 1376 sed

165 1425 188 1466 e
208 1404 356 1466 contrario
373 1402 482 1478 ductis,
500 1399 664 1483 impugnari
686 1398 773 1460 solet.
820 1397 899 1461 Nam
922 1413 953 1460 et
973 1411 1121 1480 potentes

170 1486 302 1570 sequitur
324 1485 445 1562 invidia,
467 1499 497 1546 et
519 1485 644 1546 humiles
667 1482 862 1568 abjectosque
886 1482 1061 1560 contemtio,
1086 1497 1122 1547 et

166 1585 272 1654 turpes
288 1591 325 1634 ae
340 1583 484 1632 nocentes
499 1569 600 1631 odium
616 1590 623 1630 :
648 1588 724 1652 quae
740 1569 794 1632 tria
809 1569 928 1632 suntad
943 1568 1153 1632 alienandosrs

165 1655 304 1741 judicum
320 1655 435 1717 animos
450 1654 684 1738 potentissima.n
711 1651 819 1738 Neque
834 1655 908 1717 haec
925 1654 1028 1718 dicere
1042 1652 1120 1718 satis

170 1755 228 1820 est,
246 1741 326 1825 quod
342 1740 427 1804 datur
443 1739 531 1802 etiam
548 1738 715 1824 imperitis:
739 1740 881 1824 pleraque
902 1739 1049 1822 augenda,
1065 1753 1121 1804 aut

170 1827 342 1904 minuenda,
358 1839 390 1890 ut
413 1823 565 1909 expediet.
615 1822 690 1888 Hoc
713 1825 792 1888 enim
816 1825 941 1888 oratoris
965 1839 1023 1903 est,
1043 1824 1121 1888 illud

167 1933 291 1976 causae.

215 1993 238 2058 J
241 1995 360 2058 udicem
383 1995 608 2059 conciliabimus
631 1996 729 2074 nobis,
748 2018 808 2058 non
831 2009 945 2058 tautum
966 1996 1152 2081 laudandos

167 2104 252 2160 reum,
275 2079 372 2166 (quod
388 2094 417 2144 et
432 2080 496 2144 fieri
512 2103 580 2145 curn
596 2081 687 2145 modo
704 2082 806 2159 debet,
817 2095 848 2145 et
863 2089 1024 2146 esttamen
1039 2082 1122 2166 parti

171 2168 287 2253 utrique
314 2168 502 2252 commune,)
522 2168 577 2231 sed
601 2168 626 2230 si
651 2168 770 2231 laudem
800 2167 864 2253 ejus
894 2168 931 2231 ad
962 2167 1122 2231 utilitatem

168 2268 291 2317 nostrae
313 2275 421 2317 causae
444 2253 699 2339 conjunxerimus,
716 2269 748 2317 ut
763 2254 924 2337 allegemus
937 2274 995 2335 pro
1011 2254 1121 2317 lmes-
1207 2288 1209 2293 ·

168 2340 211 2403 tis
237 2340 408 2424 dignitatem
432 2339 472 2401 illi
493 2353 593 2417 snam,
614 2361 672 2422 pro
696 2340 863 2402 humilibus
880 2338 1036 2423 justitiam,
1057 2360 1121 2422 pro
1200 2340 1205 2349 '

169 2423 348 2506 infelicibus
377 2426 626 2500 misericordiam,
650 2444 709 2504 pro
740 2425 829 2485 laesis
858 2424 1060 2501 severitatem,
1090 2438 1154 2489 etm

167 2509 306 2571 similiter
320 2522 433 2569 cetera.
1104 2570 1108 2575 ,

216 2590 322 2653 Mores
346 2611 476 2674 quoque,
499 2590 523 2652 si
546 2590 608 2652 fieri
633 2604 743 2673 potest,
765 2590 876 2677 judicis
899 2592 989 2655 velim
1012 2616 1118 2660 nosse.

170 2676 252 2740 Nam
267 2690 355 2760 prout
371 2676 482 2757 asperi,
501 2676 592 2753 lenes,
604 2677 751 2761 jucundi,
766 2697 887 2760 grovm,
901 2679 986 2757 duri,
999 2681 1122 2745 remissi

166 2776 269 2839 erunt,
283 2776 332 2824 aut
348 2782 499 2823 assumere
516 2760 545 2821 in
560 2782 680 2825 causam
697 2769 813 2827 naturas
829 2784 945 2844 eorum,
957 2787 1016 2849 qua
1031 2788 1120 2831 com·

170 2860 288 2931 petent,
305 2861 354 2909 aut
370 2844 514 2928 mitigare,
533 2868 591 2930 qua
606 2850 823 2933 repugnabunt,
840 2852 1016 2934 oportebit..
1127 2867 1154 2909 so

219 2930 346 2995 Accidit
367 2945 466 2994 autem
485 2931 602 2995 interim
618 2934 676 2997 hoc
693 2955 824 3020 quoque,
842 2949 874 2998 ut
888 2950 939 2999 aut
951 2936 1038 2997 nobis
1052 2936 1119 2997 ini-

170 3019 282 3097 micus,
300 3032 350 3082 aut
365 3017 536 3083 adversario
553 3018 591 3082 sit
606 3020 733 3099 amicus,
751 3022 800 3105 qui
812 3020 950 3105 judicat:
974 3040 1119 3103 quaeres

168 3105 289 3189 utrique
313 3104 389 3190 parti
412 3105 564 3169 tractanda
588 3121 645 3183 est,
668 3128 704 3169 ac
728 3107 831 3170 nescio
852 3128 891 3169 an
913 3104 941 3168 ei
962 3104 1069 3189 magis,
1086 3106 1119 3171 in

169 3210 264 3270 quarn
276 3190 392 3253 videtur
403 3192 589 3273 propensior.
630 3191 689 3255 Est
700 3193 779 3256 enim
794 3213 1002 3277 nonnunquam
1010 3192 1118 3276 pravis

172 3271 323 3357 judicibus
346 3274 394 3335 hic
418 3274 558 3353 ambitus,
583 3278 725 3341 adversus
749 3278 877 3355 amicos,
902 3292 951 3341 aut
971 3288 1027 3361 pro
1056 3279 1151 3358 hisae

170 3356 352 3455 quibuscum
372 3356 534 3422 simultates
555 3377 667 3443 gerant,
687 3362 911 3449 pronunciandi,
929 3361 1117 3449 faciendique
1214 3375 1215 3386 ¹

171 3454 296 3527 unJustc,
313 3464 351 3505 ne
366 3440 475 3507 secisse
490 3444 654 3510 videantur.
1090 3441 1094 3451 ’

221 3525 355 3593 Fuerunt
370 3527 458 3593 etiarn
473 3530 594 3615 quidam
609 3555 707 3598 rerum
723 3554 841 3597 suarum
858 3532 989 3619 judices.
1036 3535 1134 3623 Nam»
