<?xml version="1.0" encoding="UTF-8"?>
<!DOCTYPE html PUBLIC "-//W3C//DTD XHTML 1.0 Transitional//EN"
    "http://www.w3.org/TR/xhtml1/DTD/xhtml1-transitional.dtd">
<html xmlns="http://www.w3.org/1999/xhtml" xml:lang="en" lang="en">
 <head>
  <title>
</title>
<meta http-equiv="Content-Type" content="text/html;charset=utf-8" />
  <meta name='ocr-system' content='tesseract 3.04.00' />
  <meta name='ocr-capabilities' content='ocr_page ocr_carea ocr_par ocr_line ocrx_word'/>
</head>
<body>
  <div class='ocr_page' id='page_1' title='image "./mfabiiquinctili00aldegoog_0047.png"; bbox 0 0 2459 4200; ppageno 0'>
   <div class='ocr_carea' id='block_1_1' title="bbox 374 247 1095 307">
    <p class='ocr_par' dir='ltr' id='par_1_1' title="bbox 374 247 1095 307">
     <span class='ocr_line' id='line_1_1' title="bbox 374 247 1095 307; baseline 0.015 -11"><span class='ocrx_word' id='word_1_1' title='bbox 374 251 527 296; x_wconf 74' lang='lat' dir='ltr'>sacrorn</span> <span class='ocrx_word' id='word_1_2' title='bbox 545 251 695 306; x_wconf 70' lang='lat' dir='ltr'>annuant</span> <span class='ocrx_word' id='word_1_3' title='bbox 713 255 849 300; x_wconf 74' lang='lat' dir='ltr'>caetra.</span> <span class='ocrx_word' id='word_1_4' title='bbox 1053 247 1095 307; x_wconf 70' lang='lat' dir='ltr'>dl</span> 
     </span>
    </p>
   </div>
   <div class='ocr_carea' id='block_1_2' title="bbox 119 403 1109 1601">
    <p class='ocr_par' dir='ltr' id='par_1_2' title="bbox 119 403 1109 1601">
     <span class='ocr_line' id='line_1_2' title="bbox 155 403 1100 484; baseline 0.01 -17"><span class='ocrx_word' id='word_1_5' title='bbox 155 403 233 470; x_wconf 88' lang='lat' dir='ltr'>enim</span> <span class='ocrx_word' id='word_1_6' title='bbox 252 417 389 471; x_wconf 85' lang='lat' dir='ltr'>naturam</span> <span class='ocrx_word' id='word_1_7' title='bbox 406 403 527 484; x_wconf 83' lang='lat' dir='ltr'>ducem,</span> <span class='ocrx_word' id='word_1_8' title='bbox 545 405 634 483; x_wconf 89' lang='lat' dir='ltr'>adeo,</span> <span class='ocrx_word' id='word_1_9' title='bbox 651 420 682 469; x_wconf 90' lang='lat' dir='ltr'>ut</span> <span class='ocrx_word' id='word_1_10' title='bbox 701 405 864 470; x_wconf 84' lang='lat' dir='ltr'>memoriae</span> <span class='ocrx_word' id='word_1_11' title='bbox 884 407 914 472; x_wconf 90' lang='lat' dir='ltr'>id</span> <span class='ocrx_word' id='word_1_12' title='bbox 935 409 1100 476; x_wconf 84' lang='lat' dir='ltr'>maximum</span> 
     </span>
     <span class='ocr_line' id='line_1_3' title="bbox 151 488 814 568; baseline -0.002 -14"><span class='ocrx_word' id='word_1_13' title='bbox 151 490 190 558; x_wconf 85' lang='lat' dir='ltr'>ait</span> <span class='ocrx_word' id='word_1_14' title='bbox 204 489 361 568; x_wconf 79' lang='lat' dir='ltr'>auxilium,</span> <span class='ocrx_word' id='word_1_15' title='bbox 377 488 426 552; x_wconf 83' lang='lat' dir='ltr'>ria</span> <span class='ocrx_word' id='word_1_16' title='bbox 442 489 562 554; x_wconf 89' lang='lat' dir='ltr'>dicendi</span> <span class='ocrx_word' id='word_1_17' title='bbox 577 512 636 554; x_wconf 92' lang='lat' dir='ltr'>non</span> <span class='ocrx_word' id='word_1_18' title='bbox 652 492 814 555; x_wconf 75' lang='lat' dir='ltr'>decedere.</span> 
     </span>
     <span class='ocr_line' id='line_1_4' title="bbox 155 574 1098 666; baseline 0.004 -28"><span class='ocrx_word' id='word_1_19' title='bbox 155 577 159 582; x_wconf 83' lang='lat'>&#39;</span> <span class='ocrx_word' id='word_1_20' title='bbox 194 575 395 660; x_wconf 80' lang='lat' dir='ltr'><strong>Quapropter</strong></span> <span class='ocrx_word' id='word_1_21' title='bbox 416 596 455 637; x_wconf 91' lang='lat' dir='ltr'>ne</span> <span class='ocrx_word' id='word_1_22' title='bbox 477 574 544 638; x_wconf 89' lang='lat' dir='ltr'>illos</span> <span class='ocrx_word' id='word_1_23' title='bbox 567 576 688 660; x_wconf 89' lang='lat' dir='ltr'>quidem</span> <span class='ocrx_word' id='word_1_24' title='bbox 710 577 913 662; x_wconf 78' lang='lat' dir='ltr'>probaverim,</span> <span class='ocrx_word' id='word_1_25' title='bbox 935 580 985 663; x_wconf 90' lang='lat' dir='ltr'>qui</span> <span class='ocrx_word' id='word_1_26' title='bbox 1006 582 1098 666; x_wconf 80' lang='lat' dir='ltr'>parti-</span> 
     </span>
     <span class='ocr_line' id='line_1_5' title="bbox 151 659 1099 751; baseline 0.007 -26"><span class='ocrx_word' id='word_1_27' title='bbox 151 662 266 726; x_wconf 87' lang='lat' dir='ltr'>tionem</span> <span class='ocrx_word' id='word_1_28' title='bbox 281 674 384 732; x_wconf 81' lang='lat' dir='ltr'>vetant</span> <span class='ocrx_word' id='word_1_29' title='bbox 399 659 474 724; x_wconf 88' lang='lat' dir='ltr'>ultra</span> <span class='ocrx_word' id='word_1_30' title='bbox 489 675 548 724; x_wconf 88' lang='lat' dir='ltr'>tres</span> <span class='ocrx_word' id='word_1_31' title='bbox 564 662 785 751; x_wconf 76' lang='lat' dir='ltr'>propositiones</span> <span class='ocrx_word' id='word_1_32' title='bbox 801 662 977 732; x_wconf 79' lang='lat' dir='ltr'>extendere.</span> <span class='ocrx_word' id='word_1_33' title='bbox 1008 666 1099 737; x_wconf 85' lang='lat' dir='ltr'>Quae</span> 
     </span>
     <span class='ocr_line' id='line_1_6' title="bbox 132 745 1099 832; baseline 0.004 -22"><span class='ocrx_word' id='word_1_34' title='bbox 132 747 221 816; x_wconf 71' lang='lat' dir='ltr'>aeine</span> <span class='ocrx_word' id='word_1_35' title='bbox 243 746 344 824; x_wconf 90' lang='lat' dir='ltr'>dubio,</span> <span class='ocrx_word' id='word_1_36' title='bbox 369 745 395 812; x_wconf 78' lang='lat' dir='ltr'>ei</span> <span class='ocrx_word' id='word_1_37' title='bbox 417 746 539 810; x_wconf 91' lang='lat' dir='ltr'>nimium</span> <span class='ocrx_word' id='word_1_38' title='bbox 561 747 598 810; x_wconf 84' lang='lat' dir='ltr'>rit</span> <span class='ocrx_word' id='word_1_39' title='bbox 618 746 785 832; x_wconf 80' lang='lat' dir='ltr'>multiplex,</span> <span class='ocrx_word' id='word_1_40' title='bbox 809 747 901 832; x_wconf 79' lang='lat' dir='ltr'>fugiet</span> <span class='ocrx_word' id='word_1_41' title='bbox 923 751 1099 816; x_wconf 85' lang='lat' dir='ltr'>memoriam</span> 
     </span>
     <span class='ocr_line' id='line_1_7' title="bbox 149 831 1099 916; baseline 0.004 -20"><span class='ocrx_word' id='word_1_42' title='bbox 149 831 276 916; x_wconf 86' lang='lat' dir='ltr'>judicis,</span> <span class='ocrx_word' id='word_1_43' title='bbox 301 847 333 895; x_wconf 89' lang='lat' dir='ltr'>et</span> <span class='ocrx_word' id='word_1_44' title='bbox 358 831 488 894; x_wconf 89' lang='lat' dir='ltr'>turbabit</span> <span class='ocrx_word' id='word_1_45' title='bbox 512 832 727 895; x_wconf 87' lang='lat' dir='ltr'>intentionem:</span> <span class='ocrx_word' id='word_1_46' title='bbox 757 834 817 897; x_wconf 92' lang='lat' dir='ltr'>hoc</span> <span class='ocrx_word' id='word_1_47' title='bbox 841 848 891 898; x_wconf 91' lang='lat' dir='ltr'>aut</span> <span class='ocrx_word' id='word_1_48' title='bbox 915 835 975 899; x_wconf 88' lang='lat' dir='ltr'>alio</span> <span class='ocrx_word' id='word_1_49' title='bbox 999 850 1099 900; x_wconf 87' lang='lat' dir='ltr'>tamen</span> 
     </span>
     <span class='ocr_line' id='line_1_8' title="bbox 151 916 1098 1005; baseline 0.006 -23"><span class='ocrx_word' id='word_1_50' title='bbox 151 939 278 982; x_wconf 87' lang='lat' dir='ltr'>numero</span> <span class='ocrx_word' id='word_1_51' title='bbox 298 917 381 980; x_wconf 83' lang='lat' dir='ltr'>velut</span> <span class='ocrx_word' id='word_1_52' title='bbox 398 916 465 1001; x_wconf 80' lang='lat' dir='ltr'>lege</span> <span class='ocrx_word' id='word_1_53' title='bbox 486 939 545 982; x_wconf 91' lang='lat' dir='ltr'>non</span> <span class='ocrx_word' id='word_1_54' title='bbox 564 933 610 982; x_wconf 92' lang='lat' dir='ltr'>est</span> <span class='ocrx_word' id='word_1_55' title='bbox 631 919 787 1002; x_wconf 84' lang='lat' dir='ltr'>alliganda,</span> <span class='ocrx_word' id='word_1_56' title='bbox 804 941 874 983; x_wconf 89' lang='lat' dir='ltr'>cum</span> <span class='ocrx_word' id='word_1_57' title='bbox 893 921 988 1005; x_wconf 79' lang='lat' dir='ltr'>possit</span> <span class='ocrx_word' id='word_1_58' title='bbox 1007 943 1098 988; x_wconf 84' lang='lat' dir='ltr'>cenea</span> 
     </span>
     <span class='ocr_line' id='line_1_9' title="bbox 126 1003 452 1088; baseline -0.012 -20"><span class='ocrx_word' id='word_1_59' title='bbox 126 1069 130 1076; x_wconf 81' lang='grc'><strong>,</strong></span> <span class='ocrx_word' id='word_1_60' title='bbox 152 1003 253 1088; x_wconf 85' lang='lat' dir='ltr'>piures</span> <span class='ocrx_word' id='word_1_61' title='bbox 269 1003 452 1066; x_wconf 85' lang='lat' dir='ltr'>desiderare.</span> 
     </span>
     <span class='ocr_line' id='line_1_10' title="bbox 200 1089 1099 1180; baseline 0.006 -28"><span class='ocrx_word' id='word_1_62' title='bbox 200 1089 272 1152; x_wconf 79' lang='lat' dir='ltr'>Alia</span> <span class='ocrx_word' id='word_1_63' title='bbox 288 1103 355 1152; x_wconf 85' lang='lat' dir='ltr'>sunt</span> <span class='ocrx_word' id='word_1_64' title='bbox 368 1089 475 1172; x_wconf 82' lang='lat' dir='ltr'>magis,</span> <span class='ocrx_word' id='word_1_65' title='bbox 492 1102 615 1173; x_wconf 86' lang='lat' dir='ltr'>propter</span> <span class='ocrx_word' id='word_1_66' title='bbox 630 1111 708 1180; x_wconf 84' lang='lat' dir='ltr'>quae</span> <span class='ocrx_word' id='word_1_67' title='bbox 729 1090 885 1174; x_wconf 75' lang='lat' dir='ltr'>partitione</span> <span class='ocrx_word' id='word_1_68' title='bbox 902 1113 962 1155; x_wconf 90' lang='lat' dir='ltr'>non</span> <span class='ocrx_word' id='word_1_69' title='bbox 977 1113 1099 1178; x_wconf 86' lang='lat' dir='ltr'>semper</span> 
     </span>
     <span class='ocr_line' id='line_1_11' title="bbox 119 1174 1099 1258; baseline 0.001 -18"><span class='ocrx_word' id='word_1_70' title='bbox 119 1175 198 1240; x_wconf 78' lang='lat' dir='ltr'>rosit</span> <span class='ocrx_word' id='word_1_71' title='bbox 218 1175 383 1236; x_wconf 88' lang='lat' dir='ltr'>utendum:</span> <span class='ocrx_word' id='word_1_72' title='bbox 406 1174 546 1258; x_wconf 89' lang='lat' dir='ltr'>primurn,</span> <span class='ocrx_word' id='word_1_73' title='bbox 568 1175 636 1258; x_wconf 89' lang='lat' dir='ltr'>quia</span> <span class='ocrx_word' id='word_1_74' title='bbox 661 1176 802 1258; x_wconf 88' lang='lat' dir='ltr'>pleraque</span> <span class='ocrx_word' id='word_1_75' title='bbox 824 1176 952 1258; x_wconf 75' lang='lat' dir='ltr'>gratiora</span> <span class='ocrx_word' id='word_1_76' title='bbox 974 1191 1052 1254; x_wconf 90' lang='lat' dir='ltr'>sunt,</span> <span class='ocrx_word' id='word_1_77' title='bbox 1073 1178 1099 1242; x_wconf 79' lang='lat' dir='ltr'>si</span> 
     </span>
     <span class='ocr_line' id='line_1_12' title="bbox 158 1259 1098 1337; baseline 0.002 -15"><span class='ocrx_word' id='word_1_78' title='bbox 158 1259 277 1324; x_wconf 87' lang='lat' dir='ltr'>inventa</span> <span class='ocrx_word' id='word_1_79' title='bbox 294 1259 400 1337; x_wconf 88' lang='lat' dir='ltr'>subito,</span> <span class='ocrx_word' id='word_1_80' title='bbox 417 1281 474 1323; x_wconf 89' lang='lat' dir='ltr'>nec</span> <span class='ocrx_word' id='word_1_81' title='bbox 492 1259 584 1322; x_wconf 92' lang='lat' dir='ltr'>domo</span> <span class='ocrx_word' id='word_1_82' title='bbox 605 1259 705 1336; x_wconf 87' lang='lat' dir='ltr'>allata,</span> <span class='ocrx_word' id='word_1_83' title='bbox 722 1261 777 1321; x_wconf 87' lang='lat' dir='ltr'>sed</span> <span class='ocrx_word' id='word_1_84' title='bbox 790 1259 868 1323; x_wconf 88' lang='lat' dir='ltr'>inter</span> <span class='ocrx_word' id='word_1_85' title='bbox 882 1259 1044 1324; x_wconf 88' lang='lat' dir='ltr'>dicendum</span> <span class='ocrx_word' id='word_1_86' title='bbox 1059 1281 1098 1324; x_wconf 81' lang='lat' dir='ltr'>ex</span> 
     </span>
     <span class='ocr_line' id='line_1_13' title="bbox 154 1343 1098 1429; baseline 0.001 -20"><span class='ocrx_word' id='word_1_87' title='bbox 154 1367 189 1410; x_wconf 86' lang='lat' dir='ltr'>ro</span> <span class='ocrx_word' id='word_1_88' title='bbox 204 1345 269 1429; x_wconf 83' lang='lat' dir='ltr'>ipsa</span> <span class='ocrx_word' id='word_1_89' title='bbox 290 1357 357 1408; x_wconf 85' lang='lat' dir='ltr'>nata</span> <span class='ocrx_word' id='word_1_90' title='bbox 372 1345 538 1408; x_wconf 89' lang='lat' dir='ltr'>videantur.</span> <span class='ocrx_word' id='word_1_91' title='bbox 560 1351 564 1356; x_wconf 82' lang='lat'>&#39;</span> <span class='ocrx_word' id='word_1_92' title='bbox 588 1343 682 1407; x_wconf 85' lang='lat' dir='ltr'>Unde</span> <span class='ocrx_word' id='word_1_93' title='bbox 697 1344 745 1408; x_wconf 88' lang='lat' dir='ltr'>illa</span> <span class='ocrx_word' id='word_1_94' title='bbox 760 1346 819 1409; x_wconf 85' lang='lat' dir='ltr'>non</span> <span class='ocrx_word' id='word_1_95' title='bbox 835 1343 996 1429; x_wconf 85' lang='lat' dir='ltr'>injucunda</span> <span class='ocrx_word' id='word_1_96' title='bbox 1010 1346 1098 1410; x_wconf 85' lang='lat' dir='ltr'>sche-</span> 
     </span>
     <span class='ocr_line' id='line_1_14' title="bbox 153 1430 1098 1513; baseline 0.001 -19"><span class='ocrx_word' id='word_1_97' title='bbox 153 1446 245 1507; x_wconf 88' lang='lat' dir='ltr'>mata,</span> <span class='ocrx_word' id='word_1_98' title='bbox 263 1431 367 1494; x_wconf 87' lang='lat' dir='ltr'>Poene</span> <span class='ocrx_word' id='word_1_99' title='bbox 383 1430 496 1492; x_wconf 67' lang='lat' dir='ltr'>candit</span> <span class='ocrx_word' id='word_1_100' title='bbox 515 1430 614 1493; x_wconf 75' lang='lat' dir='ltr'>utini:</span> <span class='ocrx_word' id='word_1_101' title='bbox 637 1444 679 1508; x_wconf 90' lang='lat' dir='ltr'>ct,</span> <span class='ocrx_word' id='word_1_102' title='bbox 698 1430 837 1513; x_wconf 59' lang='lat' dir='ltr'>Ingeret</span> <span class='ocrx_word' id='word_1_103' title='bbox 855 1451 923 1493; x_wconf 83' lang='lat' dir='ltr'>me:</span> <span class='ocrx_word' id='word_1_104' title='bbox 945 1445 987 1509; x_wconf 87' lang='lat' dir='ltr'>et,</span> <span class='ocrx_word' id='word_1_105' title='bbox 1006 1432 1098 1496; x_wconf 80' lang='lat' dir='ltr'>Recte</span> 
     </span>
     <span class='ocr_line' id='line_1_15' title="bbox 153 1515 1109 1601; baseline 0.001 -22"><span class='ocrx_word' id='word_1_106' title='bbox 153 1517 307 1580; x_wconf 76' lang='lat' dir='ltr'>admones.</span> <span class='ocrx_word' id='word_1_107' title='bbox 352 1515 522 1600; x_wconf 85' lang='lat' dir='ltr'>Propositis</span> <span class='ocrx_word' id='word_1_108' title='bbox 538 1515 618 1578; x_wconf 90' lang='lat' dir='ltr'>enim</span> <span class='ocrx_word' id='word_1_109' title='bbox 633 1516 866 1601; x_wconf 75' lang='lat' dir='ltr'>probationibus,</span> <span class='ocrx_word' id='word_1_110' title='bbox 877 1518 975 1581; x_wconf 84' lang='lat' dir='ltr'>omnis</span> <span class='ocrx_word' id='word_1_111' title='bbox 987 1517 1017 1580; x_wconf 91' lang='lat' dir='ltr'>in</span> <span class='ocrx_word' id='word_1_112' title='bbox 1028 1519 1109 1582; x_wconf 85' lang='lat' dir='ltr'>reli·¹</span> 
     </span>
    </p>
   </div>
   <div class='ocr_carea' id='block_1_3' title="bbox 11 1601 736 1687">
    <p class='ocr_par' dir='ltr' id='par_1_3' title="bbox 11 1601 736 1687">
     <span class='ocr_line' id='line_1_16' title="bbox 11 1601 736 1687; baseline -0.01 -18"><span class='ocrx_word' id='word_1_113' title='bbox 11 1665 13 1682; x_wconf 86' lang='grc'><strong>,</strong></span> <span class='ocrx_word' id='word_1_114' title='bbox 120 1623 245 1687; x_wconf 77' lang='lat' dir='ltr'>acquum</span> <span class='ocrx_word' id='word_1_115' title='bbox 260 1601 353 1686; x_wconf 79' lang='lat' dir='ltr'>gretia</span> <span class='ocrx_word' id='word_1_116' title='bbox 368 1601 506 1666; x_wconf 88' lang='lat' dir='ltr'>novitatis</span> <span class='ocrx_word' id='word_1_117' title='bbox 522 1602 736 1687; x_wconf 87' lang='lat' dir='ltr'>praecerpitur.</span> 
     </span>
    </p>
   </div>
   <div class='ocr_carea' id='block_1_4' title="bbox 118 1685 1104 3721">
    <p class='ocr_par' dir='ltr' id='par_1_4' title="bbox 154 1685 1100 2028">
     <span class='ocr_line' id='line_1_17' title="bbox 198 1685 1099 1775; baseline 0 -25"><span class='ocrx_word' id='word_1_118' title='bbox 198 1686 323 1754; x_wconf 84' lang='lat' dir='ltr'>Interim</span> <span class='ocrx_word' id='word_1_119' title='bbox 338 1707 413 1751; x_wconf 84' lang='lat' dir='ltr'>vero</span> <span class='ocrx_word' id='word_1_120' title='bbox 429 1687 518 1750; x_wconf 88' lang='lat' dir='ltr'>etiam</span> <span class='ocrx_word' id='word_1_121' title='bbox 532 1685 677 1751; x_wconf 82' lang='lat' dir='ltr'>fallendus</span> <span class='ocrx_word' id='word_1_122' title='bbox 693 1700 741 1750; x_wconf 89' lang='lat' dir='ltr'>est</span> <span class='ocrx_word' id='word_1_123' title='bbox 751 1686 859 1775; x_wconf 87' lang='lat' dir='ltr'>judex,</span> <span class='ocrx_word' id='word_1_124' title='bbox 877 1701 908 1749; x_wconf 90' lang='lat' dir='ltr'>et</span> <span class='ocrx_word' id='word_1_125' title='bbox 923 1688 1013 1749; x_wconf 84' lang='lat' dir='ltr'>variis</span> <span class='ocrx_word' id='word_1_126' title='bbox 1030 1687 1099 1750; x_wconf 85' lang='lat' dir='ltr'>arti·</span> 
     </span>
     <span class='ocr_line' id='line_1_18' title="bbox 154 1771 1096 1859; baseline -0.005 -21"><span class='ocrx_word' id='word_1_127' title='bbox 154 1773 210 1838; x_wconf 80' lang='lat' dir='ltr'>bue</span> <span class='ocrx_word' id='word_1_128' title='bbox 225 1773 408 1851; x_wconf 86' lang='lat' dir='ltr'>subeundus,</span> <span class='ocrx_word' id='word_1_129' title='bbox 426 1785 459 1835; x_wconf 91' lang='lat' dir='ltr'>ut</span> <span class='ocrx_word' id='word_1_130' title='bbox 473 1771 551 1836; x_wconf 87' lang='lat' dir='ltr'>aliud</span> <span class='ocrx_word' id='word_1_131' title='bbox 567 1773 627 1856; x_wconf 84' lang='lat' dir='ltr'>agi,</span> <span class='ocrx_word' id='word_1_132' title='bbox 645 1795 733 1856; x_wconf 85' lang='lat' dir='ltr'>quam</span> <span class='ocrx_word' id='word_1_133' title='bbox 749 1773 830 1854; x_wconf 90' lang='lat' dir='ltr'>quod</span> <span class='ocrx_word' id='word_1_134' title='bbox 845 1771 986 1854; x_wconf 89' lang='lat' dir='ltr'>petimus,</span> <span class='ocrx_word' id='word_1_135' title='bbox 1003 1783 1096 1859; x_wconf 89' lang='lat' dir='ltr'>putet.</span> 
     </span>
     <span class='ocr_line' id='line_1_19' title="bbox 155 1854 1100 1948; baseline -0.002 -26"><span class='ocrx_word' id='word_1_136' title='bbox 155 1857 238 1922; x_wconf 90' lang='lat' dir='ltr'>Nam</span> <span class='ocrx_word' id='word_1_137' title='bbox 258 1873 303 1922; x_wconf 87' lang='lat' dir='ltr'>est</span> <span class='ocrx_word' id='word_1_138' title='bbox 322 1879 532 1942; x_wconf 91' lang='lat' dir='ltr'>nonnunquam</span> <span class='ocrx_word' id='word_1_139' title='bbox 550 1859 623 1920; x_wconf 88' lang='lat' dir='ltr'>dura</span> <span class='ocrx_word' id='word_1_140' title='bbox 644 1855 822 1948; x_wconf 85' lang='lat' dir='ltr'>propositio,</span> <span class='ocrx_word' id='word_1_141' title='bbox 840 1876 929 1940; x_wconf 88' lang='lat' dir='ltr'>quarn</span> <span class='ocrx_word' id='word_1_142' title='bbox 948 1854 1057 1941; x_wconf 82' lang='lat' dir='ltr'>judex,</span> <span class='ocrx_word' id='word_1_143' title='bbox 1074 1856 1100 1920; x_wconf 90' lang='lat' dir='ltr'>si</span> 
     </span>
     <span class='ocr_line' id='line_1_20' title="bbox 155 1940 1098 2028; baseline 0.001 -22"><span class='ocrx_word' id='word_1_144' title='bbox 155 1943 306 2028; x_wconf 78' lang='lat' dir='ltr'>providet,</span> <span class='ocrx_word' id='word_1_145' title='bbox 322 1966 382 2007; x_wconf 93' lang='lat' dir='ltr'>non</span> <span class='ocrx_word' id='word_1_146' title='bbox 397 1943 480 2007; x_wconf 86' lang='lat' dir='ltr'>aliter</span> <span class='ocrx_word' id='word_1_147' title='bbox 500 1942 723 2028; x_wconf 79' lang='lat' dir='ltr'>praeformidat,</span> <span class='ocrx_word' id='word_1_148' title='bbox 741 1963 831 2027; x_wconf 89' lang='lat' dir='ltr'>quam</span> <span class='ocrx_word' id='word_1_149' title='bbox 845 1942 895 2027; x_wconf 92' lang='lat' dir='ltr'>qui</span> <span class='ocrx_word' id='word_1_150' title='bbox 910 1940 1020 2006; x_wconf 83' lang='lat' dir='ltr'>ferrum</span> <span class='ocrx_word' id='word_1_151' title='bbox 1035 1963 1098 2007; x_wconf 87' lang='lat' dir='ltr'>me·</span> 
     </span>
    </p>

    <p class='ocr_par' dir='ltr' id='par_1_5' title="bbox 118 2029 1102 2355">
     <span class='ocr_line' id='line_1_21' title="bbox 118 2029 1099 2117; baseline -0.004 -23"><span class='ocrx_word' id='word_1_152' title='bbox 118 2030 215 2094; x_wconf 82' lang='lat' dir='ltr'>andini</span> <span class='ocrx_word' id='word_1_153' title='bbox 237 2029 333 2117; x_wconf 88' lang='lat' dir='ltr'>prius,</span> <span class='ocrx_word' id='word_1_154' title='bbox 350 2050 438 2116; x_wconf 89' lang='lat' dir='ltr'>quam</span> <span class='ocrx_word' id='word_1_155' title='bbox 461 2044 590 2109; x_wconf 86' lang='lat' dir='ltr'>curetur,</span> <span class='ocrx_word' id='word_1_156' title='bbox 611 2029 750 2117; x_wconf 84' lang='lat' dir='ltr'>aspexit:</span> <span class='ocrx_word' id='word_1_157' title='bbox 780 2043 810 2092; x_wconf 86' lang='lat' dir='ltr'>at</span> <span class='ocrx_word' id='word_1_158' title='bbox 832 2029 870 2107; x_wconf 85' lang='lat' dir='ltr'>si,</span> <span class='ocrx_word' id='word_1_159' title='bbox 892 2049 926 2091; x_wconf 89' lang='lat' dir='ltr'>re</span> <span class='ocrx_word' id='word_1_160' title='bbox 948 2050 1008 2090; x_wconf 93' lang='lat' dir='ltr'>non</span> <span class='ocrx_word' id='word_1_161' title='bbox 1031 2041 1099 2091; x_wconf 87' lang='lat' dir='ltr'>ante</span> 
     </span>
     <span class='ocr_line' id='line_1_22' title="bbox 154 2114 1099 2202; baseline -0.004 -23"><span class='ocrx_word' id='word_1_162' title='bbox 154 2118 321 2202; x_wconf 87' lang='lat' dir='ltr'>proposita,</span> <span class='ocrx_word' id='word_1_163' title='bbox 340 2139 491 2195; x_wconf 88' lang='lat' dir='ltr'>securum,</span> <span class='ocrx_word' id='word_1_164' title='bbox 509 2138 545 2179; x_wconf 86' lang='lat' dir='ltr'>ac</span> <span class='ocrx_word' id='word_1_165' title='bbox 566 2116 644 2179; x_wconf 90' lang='lat' dir='ltr'>nulla</span> <span class='ocrx_word' id='word_1_166' title='bbox 666 2116 895 2180; x_wconf 84' lang='lat' dir='ltr'>denunciatione</span> <span class='ocrx_word' id='word_1_167' title='bbox 915 2114 945 2177; x_wconf 90' lang='lat' dir='ltr'>in</span> <span class='ocrx_word' id='word_1_168' title='bbox 967 2136 1002 2177; x_wconf 88' lang='lat' dir='ltr'>ee</span> <span class='ocrx_word' id='word_1_169' title='bbox 1025 2134 1099 2176; x_wconf 89' lang='lat' dir='ltr'>con·</span> 
     </span>
     <span class='ocr_line' id='line_1_23' title="bbox 154 2196 1102 2283; baseline -0.007 -17"><span class='ocrx_word' id='word_1_170' title='bbox 154 2224 286 2281; x_wconf 84' lang='lat' dir='ltr'>versum,</span> <span class='ocrx_word' id='word_1_171' title='bbox 304 2203 418 2266; x_wconf 87' lang='lat' dir='ltr'>intrarit</span> <span class='ocrx_word' id='word_1_172' title='bbox 441 2202 560 2277; x_wconf 84' lang='lat' dir='ltr'>orati03</span> <span class='ocrx_word' id='word_1_173' title='bbox 592 2202 714 2277; x_wconf 87' lang='lat' dir='ltr'>efficiet,</span> <span class='ocrx_word' id='word_1_174' title='bbox 731 2200 813 2283; x_wconf 93' lang='lat' dir='ltr'>quod</span> <span class='ocrx_word' id='word_1_175' title='bbox 835 2196 1020 2282; x_wconf 83' lang='lat' dir='ltr'>promittenti</span> <span class='ocrx_word' id='word_1_176' title='bbox 1041 2217 1102 2259; x_wconf 92' lang='lat' dir='ltr'>non</span> 
     </span>
     <span class='ocr_line' id='line_1_24' title="bbox 153 2288 797 2355; baseline 0 -4"><span class='ocrx_word' id='word_1_177' title='bbox 153 2288 338 2355; x_wconf 85' lang='lat' dir='ltr'>crederetur.</span> <span class='ocrx_word' id='word_1_178' title='bbox 793 2294 797 2316; x_wconf 68' lang='lat'><strong><em>³</em></strong></span> 
     </span>
    </p>

    <p class='ocr_par' dir='ltr' id='par_1_6' title="bbox 201 2363 1101 2457">
     <span class='ocr_line' id='line_1_25' title="bbox 201 2363 1101 2457; baseline -0.007 -21"><span class='ocrx_word' id='word_1_179' title='bbox 201 2372 326 2437; x_wconf 87' lang='lat' dir='ltr'>Interim</span> <span class='ocrx_word' id='word_1_180' title='bbox 345 2371 520 2457; x_wconf 82' lang='lat' dir='ltr'>refugienda</span> <span class='ocrx_word' id='word_1_181' title='bbox 539 2391 599 2432; x_wconf 93' lang='lat' dir='ltr'>non</span> <span class='ocrx_word' id='word_1_182' title='bbox 617 2368 711 2431; x_wconf 91' lang='lat' dir='ltr'>modo</span> <span class='ocrx_word' id='word_1_183' title='bbox 727 2365 879 2429; x_wconf 90' lang='lat' dir='ltr'>distinctio</span> <span class='ocrx_word' id='word_1_184' title='bbox 893 2363 1101 2449; x_wconf 83' lang='lat' dir='ltr'>quaestionum</span> 
     </span>
    </p>

    <p class='ocr_par' dir='ltr' id='par_1_7' title="bbox 121 2450 1102 2986">
     <span class='ocr_line' id='line_1_26' title="bbox 121 2450 1102 2541; baseline -0.007 -17"><span class='ocrx_word' id='word_1_185' title='bbox 121 2474 215 2537; x_wconf 79' lang='lat' dir='ltr'>esest,</span> <span class='ocrx_word' id='word_1_186' title='bbox 235 2460 291 2523; x_wconf 89' lang='lat' dir='ltr'>sed</span> <span class='ocrx_word' id='word_1_187' title='bbox 315 2460 436 2523; x_wconf 84' lang='lat' dir='ltr'>omnino</span> <span class='ocrx_word' id='word_1_188' title='bbox 459 2456 620 2521; x_wconf 87' lang='lat' dir='ltr'>tractatio:</span> <span class='ocrx_word' id='word_1_189' title='bbox 643 2453 801 2517; x_wconf 88' lang='lat' dir='ltr'>affectibus</span> <span class='ocrx_word' id='word_1_190' title='bbox 823 2450 1052 2541; x_wconf 88' lang='lat' dir='ltr'>perturbandus,</span> <span class='ocrx_word' id='word_1_191' title='bbox 1071 2466 1102 2517; x_wconf 87' lang='lat' dir='ltr'>et</span> 
     </span>
     <span class='ocr_line' id='line_1_27' title="bbox 157 2537 1100 2610; baseline -0.006 -1"><span class='ocrx_word' id='word_1_192' title='bbox 157 2546 194 2609; x_wconf 89' lang='lat' dir='ltr'>ab</span> <span class='ocrx_word' id='word_1_193' title='bbox 209 2546 373 2610; x_wconf 90' lang='lat' dir='ltr'>intentione</span> <span class='ocrx_word' id='word_1_194' title='bbox 389 2542 566 2608; x_wconf 87' lang='lat' dir='ltr'>auferendus</span> <span class='ocrx_word' id='word_1_195' title='bbox 587 2541 713 2605; x_wconf 87' lang='lat' dir='ltr'>auditor.</span> <span class='ocrx_word' id='word_1_196' title='bbox 760 2538 831 2602; x_wconf 93' lang='lat' dir='ltr'>Nou</span> <span class='ocrx_word' id='word_1_197' title='bbox 846 2539 924 2603; x_wconf 89' lang='lat' dir='ltr'>enim</span> <span class='ocrx_word' id='word_1_198' title='bbox 940 2537 1037 2601; x_wconf 85' lang='lat' dir='ltr'>solum</span> <span class='ocrx_word' id='word_1_199' title='bbox 1052 2560 1100 2603; x_wconf 90' lang='lat' dir='ltr'>or·</span> 
     </span>
     <span class='ocr_line' id='line_1_28' title="bbox 157 2624 1101 2713; baseline -0.007 -18"><span class='ocrx_word' id='word_1_200' title='bbox 157 2633 249 2695; x_wconf 89' lang='lat' dir='ltr'>atoris</span> <span class='ocrx_word' id='word_1_201' title='bbox 266 2645 312 2695; x_wconf 90' lang='lat' dir='ltr'>est</span> <span class='ocrx_word' id='word_1_202' title='bbox 329 2632 453 2707; x_wconf 90' lang='lat' dir='ltr'>docere,</span> <span class='ocrx_word' id='word_1_203' title='bbox 472 2629 526 2693; x_wconf 88' lang='lat' dir='ltr'>sed</span> <span class='ocrx_word' id='word_1_204' title='bbox 547 2628 613 2713; x_wconf 89' lang='lat' dir='ltr'>plus</span> <span class='ocrx_word' id='word_1_205' title='bbox 635 2626 804 2711; x_wconf 86' lang='lat' dir='ltr'>eloquentia</span> <span class='ocrx_word' id='word_1_206' title='bbox 822 2625 904 2688; x_wconf 85' lang='lat' dir='ltr'>circa</span> <span class='ocrx_word' id='word_1_207' title='bbox 918 2624 1101 2688; x_wconf 87' lang='lat' dir='ltr'>movendum</span> 
     </span>
     <span class='ocr_line' id='line_1_29' title="bbox 157 2709 1101 2781; baseline -0.005 -2"><span class='ocrx_word' id='word_1_208' title='bbox 157 2717 247 2781; x_wconf 86' lang='lat' dir='ltr'>valet.</span> <span class='ocrx_word' id='word_1_209' title='bbox 295 2716 356 2781; x_wconf 85' lang='lat' dir='ltr'>Cui</span> <span class='ocrx_word' id='word_1_210' title='bbox 372 2716 416 2779; x_wconf 89' lang='lat' dir='ltr'>rei</span> <span class='ocrx_word' id='word_1_211' title='bbox 428 2714 574 2778; x_wconf 85' lang='lat' dir='ltr'>contrariu</span> <span class='ocrx_word' id='word_1_212' title='bbox 590 2727 636 2777; x_wconf 91' lang='lat' dir='ltr'>est</span> <span class='ocrx_word' id='word_1_213' title='bbox 650 2713 781 2777; x_wconf 87' lang='lat' dir='ltr'>maxime</span> <span class='ocrx_word' id='word_1_214' title='bbox 797 2710 893 2775; x_wconf 87' lang='lat' dir='ltr'>tenuis</span> <span class='ocrx_word' id='word_1_215' title='bbox 907 2709 958 2772; x_wconf 89' lang='lat' dir='ltr'>illa</span> <span class='ocrx_word' id='word_1_216' title='bbox 972 2723 1003 2772; x_wconf 88' lang='lat' dir='ltr'>et</span> <span class='ocrx_word' id='word_1_217' title='bbox 1018 2732 1101 2774; x_wconf 87' lang='lat' dir='ltr'>scru-</span> 
     </span>
     <span class='ocr_line' id='line_1_30' title="bbox 156 2795 1099 2887; baseline -0.012 -20"><span class='ocrx_word' id='word_1_218' title='bbox 156 2802 312 2887; x_wconf 86' lang='lat' dir='ltr'>pulose&#39;in</span> <span class='ocrx_word' id='word_1_219' title='bbox 334 2816 435 2887; x_wconf 89' lang='lat' dir='ltr'>partes</span> <span class='ocrx_word' id='word_1_220' title='bbox 455 2815 538 2865; x_wconf 88' lang='lat' dir='ltr'>secta</span> <span class='ocrx_word' id='word_1_221' title='bbox 553 2799 706 2863; x_wconf 89' lang='lat' dir='ltr'>divisionis</span> <span class='ocrx_word' id='word_1_222' title='bbox 722 2795 872 2887; x_wconf 85' lang='lat' dir='ltr'>diligentia</span> <span class='ocrx_word' id='word_1_223' title='bbox 891 2816 929 2863; x_wconf 85' lang='lat' dir='ltr'>eo</span> <span class='ocrx_word' id='word_1_224' title='bbox 950 2800 1099 2880; x_wconf 80' lang='lat' dir='ltr'>tempore,</span> 
     </span>
     <span class='ocr_line' id='line_1_31' title="bbox 123 2882 886 2986; baseline -0.014 -32"><span class='ocrx_word' id='word_1_225' title='bbox 123 2908 217 2974; x_wconf 84' lang='lat' dir='ltr'>atquo</span> <span class='ocrx_word' id='word_1_226' title='bbox 234 2887 430 2973; x_wconf 73' lang='lat' dir='ltr'>cognomenti</span> <span class='ocrx_word' id='word_1_227' title='bbox 441 2886 587 2986; x_wconf 71' lang='lat' dir='ltr'>judicium</span> <span class='ocrx_word' id='word_1_228' title='bbox 603 2908 747 2949; x_wconf 87' lang='lat' dir='ltr'>conamur</span> <span class='ocrx_word' id='word_1_229' title='bbox 761 2882 886 2947; x_wconf 80' lang='lat' dir='ltr'>auferre.</span> 
     </span>
    </p>

    <p class='ocr_par' dir='ltr' id='par_1_8' title="bbox 158 2963 1104 3310">
     <span class='ocr_line' id='line_1_32' title="bbox 201 2963 1101 3059; baseline -0.02 -20"><span class='ocrx_word' id='word_1_230' title='bbox 201 2973 314 3047; x_wconf 81' lang='lat' dir='ltr'>Quid?</span> <span class='ocrx_word' id='word_1_231' title='bbox 338 2974 418 3059; x_wconf 92' lang='lat' dir='ltr'>quod</span> <span class='ocrx_word' id='word_1_232' title='bbox 440 2972 567 3047; x_wconf 86' lang='lat' dir='ltr'>rnterim,</span> <span class='ocrx_word' id='word_1_233' title='bbox 585 2993 662 3055; x_wconf 93' lang='lat' dir='ltr'>quae</span> <span class='ocrx_word' id='word_1_234' title='bbox 682 2992 738 3053; x_wconf 87' lang='lat' dir='ltr'>per</span> <span class='ocrx_word' id='word_1_235' title='bbox 756 2990 789 3031; x_wconf 88' lang='lat' dir='ltr'>se</span> <span class='ocrx_word' id='word_1_236' title='bbox 803 2967 880 3029; x_wconf 90' lang='lat' dir='ltr'>levia</span> <span class='ocrx_word' id='word_1_237' title='bbox 895 2977 962 3026; x_wconf 89' lang='lat' dir='ltr'>sunt</span> <span class='ocrx_word' id='word_1_238' title='bbox 976 2976 1009 3057; x_wconf 75' lang='lat' dir='ltr'>et</span> <span class='ocrx_word' id='word_1_239' title='bbox 1022 2963 1101 3024; x_wconf 71' lang='lat' dir='ltr'>infir-</span> 
     </span>
     <span class='ocr_line' id='line_1_33' title="bbox 159 3049 1104 3139; baseline -0.014 -16"><span class='ocrx_word' id='word_1_240' title='bbox 159 3081 222 3137; x_wconf 87' lang='lat' dir='ltr'>ma,</span> <span class='ocrx_word' id='word_1_241' title='bbox 238 3060 324 3123; x_wconf 89' lang='lat' dir='ltr'>turba</span> <span class='ocrx_word' id='word_1_242' title='bbox 338 3058 463 3123; x_wconf 87' lang='lat' dir='ltr'>valent?</span> <span class='ocrx_word' id='word_1_243' title='bbox 508 3058 646 3139; x_wconf 91' lang='lat' dir='ltr'>Ideoque</span> <span class='ocrx_word' id='word_1_244' title='bbox 661 3049 850 3133; x_wconf 82' lang='lat' dir='ltr'>congerenda</span> <span class='ocrx_word' id='word_1_245' title='bbox 865 3059 933 3107; x_wconf 86' lang='lat' dir='ltr'>sunt</span> <span class='ocrx_word' id='word_1_246' title='bbox 947 3057 1059 3128; x_wconf 87' lang='lat' dir='ltr'>potrus,</span> <span class='ocrx_word' id='word_1_247' title='bbox 1073 3059 1104 3111; x_wconf 89' lang='lat' dir='ltr'>et</span> 
     </span>
     <span class='ocr_line' id='line_1_34' title="bbox 160 3132 1103 3229; baseline -0.012 -21"><span class='ocrx_word' id='word_1_248' title='bbox 160 3144 245 3208; x_wconf 78' lang='lat' dir='ltr'>velut</span> <span class='ocrx_word' id='word_1_249' title='bbox 267 3145 419 3229; x_wconf 87' lang='lat' dir='ltr'>eruptione</span> <span class='ocrx_word' id='word_1_250' title='bbox 442 3142 656 3229; x_wconf 81' lang='lat' dir='ltr'>pugnandum:</span> <span class='ocrx_word' id='word_1_251' title='bbox 687 3132 768 3219; x_wconf 87' lang='lat' dir='ltr'>qnod</span> <span class='ocrx_word' id='word_1_252' title='bbox 789 3142 888 3192; x_wconf 88' lang='lat' dir='ltr'>tamen</span> <span class='ocrx_word' id='word_1_253' title='bbox 911 3148 1010 3191; x_wconf 87' lang='lat' dir='ltr'>rarum</span> <span class='ocrx_word' id='word_1_254' title='bbox 1034 3151 1103 3197; x_wconf 86' lang='lat' dir='ltr'>esse</span> 
     </span>
     <span class='ocr_line' id='line_1_35' title="bbox 158 3214 1103 3310; baseline -0.012 -16"><span class='ocrx_word' id='word_1_255' title='bbox 158 3229 265 3307; x_wconf 87' lang='lat' dir='ltr'>debet,</span> <span class='ocrx_word' id='word_1_256' title='bbox 284 3244 367 3294; x_wconf 83' lang='lat' dir='ltr'>etex</span> <span class='ocrx_word' id='word_1_257' title='bbox 384 3229 563 3294; x_wconf 86' lang='lat' dir='ltr'>necessitate</span> <span class='ocrx_word' id='word_1_258' title='bbox 580 3226 711 3299; x_wconf 88' lang='lat' dir='ltr'>demum,</span> <span class='ocrx_word' id='word_1_259' title='bbox 729 3238 798 3281; x_wconf 88' lang='lat' dir='ltr'>com</span> <span class='ocrx_word' id='word_1_260' title='bbox 815 3216 876 3280; x_wconf 90' lang='lat' dir='ltr'>hoc</span> <span class='ocrx_word' id='word_1_261' title='bbox 894 3214 1005 3310; x_wconf 88' lang='lat' dir='ltr'>ipsum,</span> <span class='ocrx_word' id='word_1_262' title='bbox 1021 3218 1103 3305; x_wconf 92' lang='lat' dir='ltr'>quod</span> 
     </span>
    </p>

    <p class='ocr_par' dir='ltr' id='par_1_9' title="bbox 124 3306 848 3403">
     <span class='ocr_line' id='line_1_36' title="bbox 124 3306 848 3403; baseline -0.018 -21"><span class='ocrx_word' id='word_1_263' title='bbox 124 3314 304 3382; x_wconf 78' lang='lat' dir='ltr'>radiesimile</span> <span class='ocrx_word' id='word_1_264' title='bbox 319 3316 426 3381; x_wconf 90' lang='lat' dir='ltr'>rationi</span> <span class='ocrx_word' id='word_1_265' title='bbox 442 3329 499 3393; x_wconf 85' lang='lat' dir='ltr'>est,</span> <span class='ocrx_word' id='word_1_266' title='bbox 517 3311 653 3397; x_wconf 68' lang='lat' dir='ltr'>coegerit</span> <span class='ocrx_word' id='word_1_267' title='bbox 667 3306 751 3373; x_wconf 87' lang='lat' dir='ltr'>ratio.</span> <span class='ocrx_word' id='word_1_268' title='bbox 841 3390 848 3403; x_wconf 32' lang='grc' dir='ltr'><strong>ο</strong></span> 
     </span>
    </p>

    <p class='ocr_par' dir='ltr' id='par_1_10' title="bbox 160 3390 1104 3659">
     <span class='ocr_line' id='line_1_37' title="bbox 204 3390 1103 3481; baseline -0.016 -14"><span class='ocrx_word' id='word_1_269' title='bbox 204 3401 332 3470; x_wconf 84' lang='lat' dir='ltr'>Praeter</span> <span class='ocrx_word' id='word_1_270' title='bbox 347 3404 423 3466; x_wconf 89' lang='lat' dir='ltr'>haec</span> <span class='ocrx_word' id='word_1_271' title='bbox 439 3402 468 3465; x_wconf 87' lang='lat' dir='ltr'>in</span> <span class='ocrx_word' id='word_1_272' title='bbox 484 3400 565 3466; x_wconf 93' lang='lat' dir='ltr'>omni</span> <span class='ocrx_word' id='word_1_273' title='bbox 579 3396 736 3481; x_wconf 82' lang='lat' dir='ltr'>partitione</span> <span class='ocrx_word' id='word_1_274' title='bbox 746 3405 794 3455; x_wconf 87' lang='lat' dir='ltr'>est</span> <span class='ocrx_word' id='word_1_275' title='bbox 808 3403 909 3476; x_wconf 87' lang='lat' dir='ltr'>utrque</span> <span class='ocrx_word' id='word_1_276' title='bbox 925 3390 1033 3476; x_wconf 87' lang='lat' dir='ltr'>aliquid</span> <span class='ocrx_word' id='word_1_277' title='bbox 1048 3410 1103 3473; x_wconf 79' lang='lat' dir='ltr'>po·</span> 
     </span>
     <span class='ocr_line' id='line_1_38' title="bbox 160 3477 1104 3572; baseline -0.014 -19"><span class='ocrx_word' id='word_1_278' title='bbox 160 3488 371 3566; x_wconf 78' lang='lat' dir='ltr'>tectissimum,</span> <span class='ocrx_word' id='word_1_279' title='bbox 389 3488 471 3572; x_wconf 87' lang='lat' dir='ltr'>quod</span> <span class='ocrx_word' id='word_1_280' title='bbox 494 3506 563 3549; x_wconf 89' lang='lat' dir='ltr'>cum</span> <span class='ocrx_word' id='word_1_281' title='bbox 585 3479 697 3545; x_wconf 88' lang='lat' dir='ltr'>audivit</span> <span class='ocrx_word' id='word_1_282' title='bbox 714 3477 822 3564; x_wconf 87' lang='lat' dir='ltr'>judex,</span> <span class='ocrx_word' id='word_1_283' title='bbox 840 3492 943 3541; x_wconf 87' lang='lat' dir='ltr'>cetera</span> <span class='ocrx_word' id='word_1_284' title='bbox 964 3489 1104 3569; x_wconf 76' lang='lat' dir='ltr'>tanquam</span> 
     </span>
     <span class='ocr_line' id='line_1_39' title="bbox 163 3553 1103 3659; baseline -0.026 -19"><span class='ocrx_word' id='word_1_285' title='bbox 163 3594 350 3659; x_wconf 82' lang='lat' dir='ltr'>auperracna</span> <span class='ocrx_word' id='word_1_286' title='bbox 372 3572 485 3657; x_wconf 82' lang='lat' dir='ltr'>gravari</span> <span class='ocrx_word' id='word_1_287' title='bbox 508 3568 595 3635; x_wconf 84' lang='lat' dir='ltr'>solet.</span> <span class='ocrx_word' id='word_1_288' title='bbox 643 3565 762 3650; x_wconf 90' lang='lat' dir='ltr'>Itaque,</span> <span class='ocrx_word' id='word_1_289' title='bbox 779 3565 805 3629; x_wconf 88' lang='lat' dir='ltr'>si</span> <span class='ocrx_word' id='word_1_290' title='bbox 825 3563 909 3649; x_wconf 85' lang='lat' dir='ltr'>plura</span> <span class='ocrx_word' id='word_1_291' title='bbox 925 3559 975 3621; x_wconf 86' lang='lat' dir='ltr'>vel</span> <span class='ocrx_word' id='word_1_292' title='bbox 996 3553 1103 3641; x_wconf 76' lang='lat' dir='ltr'>objici·</span> 
     </span>
    </p>

    <p class='ocr_par' dir='ltr' id='par_1_11' title="bbox 412 3660 454 3721">
     <span class='ocr_line' id='line_1_40' title="bbox 412 3660 454 3721; baseline 0 -24"><span class='ocrx_word' id='word_1_293' title='bbox 412 3660 454 3721; x_wconf 63' lang='lat'>4*</span> 
     </span>
    </p>
   </div>
   <div class='ocr_carea' id='block_1_5' title="bbox 0 0 1234 4200">
    <p class='ocr_par' dir='ltr' id='par_1_12' title="bbox 0 0 1234 4200">
     <span class='ocr_line' id='line_1_41' title="bbox 0 0 1234 4200; baseline 0 0"><span class='ocrx_word' id='word_1_294' title='bbox 0 0 1234 4200; x_wconf 95' lang='lat' dir='ltr'> </span> 
     </span>
    </p>
   </div>
  </div>
 </body>
</html>
