2459 4200
180 292 244 355 w
468 306 505 352 rt.
525 308 621 355 mn
639 308 863 363 ootrtrtctattt

493 656 636 717 CAPUT
654 654 806 715 XXXIII.

244 842 325 892 oola
341 838 502 882 curvarant
518 840 550 879 ttt
565 838 698 903 nonnula
713 836 818 878 onusta
833 834 967 879 ORATOR!
982 840 1061 882 stata.

224 980 328 1051 Quart
345 981 403 1043 sint
418 978 447 1041 in
463 978 580 1061 agendo
595 976 752 1052 servanda,
769 989 834 1039 toto
848 976 911 1039 t'era
926 998 1018 1061 opere
1032 998 1120 1040 exse·

181 1066 242 1129 cuti
258 1086 383 1129 sumus:
407 1084 501 1147 pauca
520 1077 620 1125 tamen
641 1062 759 1144 propria
778 1060 865 1146 hujus
880 1062 953 1141 loci,
970 1084 1046 1147 quaa
1060 1084 1121 1125 nou
1207 1091 1210 1099 .

182 1166 241 1214 tam
257 1150 377 1214 dicendi
398 1162 473 1227 arte,
489 1168 577 1232 quam
598 1146 706 1209 officiis
728 1150 841 1229 agentis
863 1148 1063 1225 continentur,
1078 1162 1121 1210 at·

182 1236 302 1319 tingem.
352 1235 435 1299 Ante
462 1234 573 1311 omnia,
590 1254 640 1311 nc,
656 1232 738 1314 quod
763 1232 915 1316 plerisque
940 1234 1063 1310 accidit,
1086 1234 1122 1296 ab

183 1322 307 1385 utilitate
328 1342 396 1385 euru
417 1339 525 1383 causae
549 1318 712 1403 praeseutia
733 1318 845 1401 cupido
866 1319 961 1381 laudis
982 1319 1141 1381 abducats

183 1404 261 1468 Nam
277 1420 307 1469 ut
323 1406 492 1489 gerentibus
512 1405 589 1468 bella
607 1424 667 1465 nou
685 1422 805 1485 semper
825 1403 977 1466 exercitus
993 1425 1048 1487 per
1061 1404 1121 1488 pla·

182 1512 219 1553 na
235 1505 266 1553 et
281 1512 406 1554 amoena
422 1490 576 1553 ducendus
592 1503 649 1565 est,
666 1488 721 1551 sed
742 1487 870 1551 adeundi
886 1488 1060 1571 plerumque
1075 1510 1121 1551 as·

183 1576 245 1673 pari
271 1576 377 1651 colles,
395 1575 610 1656 expugnandae
634 1572 770 1636 civitates
792 1573 953 1656 quamlibet
980 1574 1122 1657 praecisis

182 1659 339 1742 tmpositae
360 1659 493 1741 rupibuS,
512 1672 561 1719 aut
576 1678 701 1741 operum
721 1658 800 1720 mole
816 1658 979 1721 difficiles:
1003 1660 1043 1722 ita
1059 1680 1122 1721 ora·

182 1744 224 1809 tio
239 1743 379 1827 gaudebit
392 1742 515 1825 quidem
530 1742 692 1805 occasione
707 1742 811 1805 laetius
826 1744 1017 1820 decurrendi,
1028 1760 1058 1806 et
1071 1765 1151 1806 ae·1r

181 1850 242 1914 quo
257 1850 418 1913 congressa
430 1850 539 1913 campo
555 1842 633 1891 totas
644 1828 723 1891 vires
740 1828 921 1911 populariter
935 1830 1121 1914 explicabit:

181 1916 250 1978 atsi
262 1914 337 1998 juris
354 1914 513 1990 anfractus,
526 1929 574 1977 aut
590 1914 739 1976 eruendae
753 1914 885 1977 veritatis
900 1914 1029 1978 latebras
1044 1915 1122 1977 adire

181 2014 317 2079 cogetur,
329 2020 389 2060 non
404 1999 599 2081 obequitabit,
613 2019 670 2060 uec
686 1998 742 2060 illis
754 2000 936 2061 vibrantibus
951 2000 1121 2063 concitatis·

181 2103 239 2165 que
255 2084 407 2146 sententiis
428 2083 509 2145 velut
532 2082 691 2146 missilibus
709 2097 828 2159 utetur3
850 2086 904 2148 sed
922 2086 1080 2168 operibus,
1096 2098 1124 2146 at

180 2166 337 2245 cuniculis,
349 2183 379 2231 et
394 2168 518 2246 insidiis,
531 2183 561 2231 et
572 2168 700 2232 occultis
714 2170 824 2232 artibus
836 2192 900 2232 rem
914 2185 1014 2252 geret.
1039 2171 1153 2242 Quaen

181 2253 280 2317 omnia
303 2275 374 2332 non,
392 2255 462 2316 dum
482 2255 565 2330 fiunt,
583 2255 749 2332 laudantur,
766 2256 819 2318 sed
842 2277 911 2318 cunr
932 2255 1017 2320 lacta
1037 2271 1123 2320 sunt:

180 2341 259 2402 unde
280 2341 370 2402 etiam
393 2340 487 2404 minus
510 2341 627 2424 cupidis
646 2341 795 2423 opinionis
818 2341 882 2424 plus
902 2340 1018 2405 fructus
1034 2342 1121 2405 veuit.

180 2423 260 2487 Nam
284 2447 353 2489 oum
380 2426 428 2489 illa
451 2425 572 2488 dicendi
594 2426 699 2487 vitiosa
722 2425 848 2509 jactatio
870 2427 946 2488 inter
968 2427 1123 2509 plausores

180 2531 251 2574 suos
267 2512 413 2587 detonuit,
431 2511 555 2592 resurgit
570 2531 660 2572 verae
679 2510 793 2573 virtutis
814 2510 918 2573 sortior
939 2511 1044 2575 sama:
1068 2534 1123 2575 nec

176 2595 343 2681 judices,a
366 2617 426 2680 quo
449 2597 507 2658 sint
529 2595 612 2670 moti,
631 2595 814 2657 dissimulant
831 2616 839 2670 ;
862 2611 893 2658 et
908 2597 1006 2659 doctis
1027 2599 1152 2661 credi-nt

179 2695 226 2743 tur
242 2703 250 2756 3
272 2703 329 2744 neo
346 2697 391 2743 est
406 2679 546 2741 orationis
564 2701 634 2741 vera
649 2680 722 2753 laus,
739 2680 794 2742 nisi
810 2701 879 2742 oum
894 2681 974 2743 finita
989 2698 1049 2745 est.

223 2766 384 2829 Veteribus
400 2763 521 2845 quidem
542 2763 633 2824 etiam
647 2763 833 2825 dissimulare
849 2765 1053 2846 eloquentiam
1069 2768 1123 2832 tuit

179 2852 270 2914 moris
288 2872 295 2910 :
319 2851 408 2930 idque
426 2846 473 2907 M.
490 2846 640 2908 Antonius
657 2846 813 2928 praecipit,
830 2867 890 2928 quo
911 2849 977 2929 plus
992 2851 1122 2916 dicenti·

178 2937 232 2998 bus
249 2934 329 3010 fidei,
347 2933 500 3015 minusque
521 2945 681 3012 suspectae
701 2930 915 2992 advocatorum
934 2931 1059 2996 insidiae
1075 2937 1123 2999 so·

19 3085 38 3096 f
71 3089 75 3093 ¹
176 3035 252 3082 rent.
295 3019 360 3084 Sed
375 3018 425 3082 illa
440 3016 718 3100 dissimulari,quae
733 3029 796 3078 tum
811 3031 885 3092 erat,
902 3017 1021 3100 potuit:
1045 3041 1150 3084 nou-as

177 3106 248 3170 dum
271 3107 349 3168 enim
373 3119 485 3169 tantum
508 3103 628 3166 dicendi
651 3104 750 3166 lumen
773 3117 956 3180 accesserat,
974 3118 1007 3166 ut
1028 3107 1120 3169 etiam

176 3213 231 3275 per
250 3192 394 3256 obstantia
415 3203 595 3274 erumperet.
644 3188 750 3259 Quare
771 3204 849 3252 artes
864 3189 985 3272 quidem
1001 3204 1032 3253 ct
1045 3212 1119 3254 con·

177 3275 240 3337 silia
255 3276 377 3354 lateant,
396 3292 425 3341 et
440 3275 593 3360 quicquid,
608 3275 631 3336 si
649 3274 889 3357 deprehenditur,
904 3275 990 3357 perit.
1031 3274 1118 3338 Hac·

176 3373 261 3422 tenus
289 3362 455 3444 eloquentia
483 3375 632 3423 secretum
657 3361 754 3422 habet.
803 3361 974 3422 Verborum
996 3361 1116 3442 quidem

176 3445 322 3522 delectus,
339 3449 466 3528 gravitas
482 3446 704 3522 sententiarum,
722 3446 878 3528 figurarum
893 3445 1047 3528 elegantia,
1065 3457 1149 3506 autat

84 3589 86 3594 s
175 3552 234 3594 non
250 3546 328 3607 sunt,
342 3545 391 3592 aut
406 3545 559 3612 apparent.
610 3531 675 3595 Sed
692 3546 814 3614 propter
829 3531 887 3593 hoc
904 3530 1001 3612 ipsum
1015 3542 1116 3592 osten·

176 3616 272 3680 denda
286 3638 346 3680 uon
361 3629 439 3694 sunt,
455 3615 534 3698 quod
550 3631 716 3698 apparent:
739 3638 774 3679 ac
790 3617 815 3679 si
830 3637 920 3678 unum
935 3616 973 3680 sit
986 3637 1028 3680 ex
1041 3615 1115 3678 duo·
