2459 4200
333 300 487 348 sacroru
506 301 658 355 aunnrrr
676 303 814 348 caetra.
997 292 1063 353 ω

116 448 235 533 quirere
250 448 333 513 volet
348 465 447 515 orator
463 453 536 517 ultra
551 474 641 537 quam
655 454 727 518 satis
744 454 799 517 erit
815 476 822 515 :
845 476 883 521 ac
897 478 936 519 ne
952 478 1065 541 pauper

116 535 240 617 quidem
252 548 393 618 tanquam
408 539 581 601 mercedem
597 539 739 623 accipiet,
750 541 805 603 sed
820 557 920 604 mutua
932 543 1063 607 benevo-

116 619 208 683 lentia
222 634 333 698 utetur,
351 642 421 683 curn
436 623 511 686 sciat
526 646 558 685 se
575 639 657 687 tanto
673 625 739 708 plus
754 620 947 708 praestitisse.
993 628 1066 691 Non
1114 633 1118 639 ’

118 705 209 782 enim,
229 705 297 789 quia
321 706 422 770 venire
449 708 509 771 boc
531 708 712 772 beneficium
737 731 796 771 oon
820 725 949 793 oportet,
967 714 1065 794 perire

98 805 248 874 soportet.
296 790 439 939 Denique
455 807 486 855 ut
502 809 599 877 gratus
615 794 665 872 sit,
676 796 716 857 ad
731 816 800 859 eum
815 796 908 878 magis
924 797 1063 880 pertinet,

118 875 285 959 quidebet.
338 875 387 958 [X
408 876 500 957 La]
751 911 754 918 ·

496 1067 684 1077 ...0—

442 1180 583 1241 CAPUT
603 1182 739 1243 XXXII.

147 1364 230 1411 QUAE
245 1363 277 1403 IN
293 1363 455 1402 Dtscurtms
472 1364 576 1404 GAUSIS
592 1364 724 1404 ORATOR!
740 1365 941 1408 OBSERVANDA
956 1369 1034 1409 amr.

162 1500 330 1563 Paoxrnr
347 1502 507 1564 discendae
524 1522 632 1565 causae
651 1502 739 1578 ratio,
756 1503 838 1587 quod
857 1518 903 1567 est
923 1507 1064 1574 orationis

118 1585 353 1650 fundamentum.
402 1586 509 1671 Neque
531 1588 609 1651 enim
625 1589 779 1672 quisquam
798 1604 860 1652 tam
880 1590 998 1675 ingenio
1018 1607 1063 1657 te-

118 1672 170 1734 nui
186 1674 359 1755 reperietur,
374 1673 435 1757 qui,
454 1696 522 1736 cum
538 1675 648 1752 omnia,
662 1696 739 1758 quae
755 1689 822 1737 sunt
837 1676 867 1737 in
882 1698 984 1755 causa,
999 1679 1064 1740 dili·

86 1770 225 1841 legenter
240 1759 424 1841 cognoverit,
442 1759 479 1820 ad
496 1759 665 1821 docendum
681 1774 763 1821 certe
777 1758 913 1841 judicem
928 1782 988 1822 non
1003 1760 1063 1823 sul-

119 1842 212 1905 ficiat·
262 1842 327 1907 Sed
343 1842 407 1926 ejus
423 1842 466 1904 rei
487 1843 674 1925 paucissimis
689 1864 761 1904 cura
776 1858 832 1904 est.
879 1843 959 1905 Nam
973 1858 1006 1907 ut
1015 1860 1063 1909 'ta-

119 1948 208 1990 ceam
231 1928 269 1990 de
292 1927 518 2011 negligentibus,
536 1948 662 2011 quorum
683 1927 754 1989 nibil
776 1926 878 2006 refert,
895 1929 945 1991 ubi
967 1928 1062 1994 litium

42 1999 58 2025 ⁸
119 2014 212 2075 cardo
239 2027 380 2089 vertatur,
399 2014 469 2074 dum
500 2012 568 2090 sint,
594 2034 670 2096 quae
700 2013 749 2075 vel
771 2028 856 2076 extra
878 2036 999 2078 causam
1023 2038 1063 2079 ex

119 2098 257 2181 personis
272 2113 322 2162 aut
337 2097 487 2161 communi
503 2113 629 2162 tractato
644 2099 778 2162 locorum
795 2102 989 2164 occasionem
1001 2103 1062 2166 cla·

87 2185 218 2246 remandi
233 2183 413 2266 largiantur:
438 2185 551 2266 aliquos
571 2199 601 2245 et
620 2185 741 2246 ambitio
757 2187 910 2267 pervertit,
928 2187 978 2267 qui
995 2209 1061 2269 par·

119 2267 172 2330 tim
190 2282 329 2352 tanquam
344 2269 494 2351 occupati,
514 2289 692 2351 semperque
708 2269 786 2330 aliud
807 2268 962 2344 habentes,
980 2271 1062 2351 quod

118 2368 187 2416 ante
210 2355 357 2437 agendum
380 2353 428 2428 sit,
447 2353 542 2436 pridie
564 2354 602 2415 ad
626 2374 660 2414 se
682 2353 783 2414 venire
805 2352 993 2434 litigatorem,
1011 2367 1062 2417 aut
1088 2410 1095 2424 ,

119 2439 230 2501 eodem
252 2439 395 2502 matutino
414 2437 531 2522 jubent,
550 2458 757 2521 nonnunquam
780 2436 868 2498 etiarn
893 2436 970 2501 inter
996 2439 1061 2522 ipsa

118 2523 259 2586 subsellia
281 2523 422 2586 didicisse
449 2544 482 2584 se
509 2522 688 2604 gloriantur3
719 2521 826 2605 partim
847 2521 991 2605 jactantia
1017 2523 1061 2585 in·

83 2631 111 2671 aa
118 2609 208 2691 genii,
227 2623 258 2671 ut
272 2630 320 2670 res
342 2609 403 2671 cito
424 2607 581 2688 accepisse
601 2608 766 2684 videantur,
784 2622 885 2670 tenere
908 2630 942 2671 se
965 2623 995 2671 et
1017 2609 1061 2670 in·

118 2692 252 2773 telligere
274 2693 354 2775 prius
376 2713 471 2775 paene
487 2712 576 2774 quarn
595 2692 713 2755 audiant
736 2693 860 2770 mentiti,
879 2716 948 2756 cum
970 2695 1060 2759 multa

118 2790 150 2840 et
165 2776 286 2854 diserte,
305 2777 485 2860 summisque
500 2777 691 2855 clamoribus,
709 2800 785 2863 quae
805 2801 902 2863 neque
924 2782 962 2844 ad
980 2781 1061 2865 judi·

15 2937 17 2944 Α
119 2883 187 2924 cern
213 2883 311 2946 neque
337 2863 375 2926 ad
405 2863 583 2946 litigatorem
613 2865 788 2948 pertineant,
815 2866 1058 2944 decantaverunt,

117 2947 196 3009 bene
212 2950 351 3012 sudantes
370 2950 507 3031 beneque
529 2950 663 3010 comitati
684 2971 739 3029 per
753 2949 848 3008 sorum
867 2951 1057 3012 reducuntur.

83 3055 111 3096 as
162 3031 210 3093 Ne
233 3032 296 3093 illas
320 3033 440 3114 quidem
466 3032 582 3092 tulerim
605 3031 727 3091 delicias
752 3051 866 3104 eorum,
885 3031 935 3111 qui
957 3034 1061 3094 doceri

117 3115 232 3178 amicos
255 3135 324 3176 suos
344 3114 472 3198 jubent:
496 3134 664 3197 quanquam
687 3113 782 3175 minus
805 3112 874 3174 mali
896 3129 954 3191 est,
972 3116 997 3178 si
1019 3116 1061 3178 illi

117 3199 224 3264 saltem
239 3213 322 3282 recte
338 3200 462 3274 discant,
481 3213 625 3281 recteque
645 3199 783 3260 doceant.
833 3196 898 3261 Sed
919 3200 984 3281 quis
999 3200 1060 3266 dis·

118 3299 169 3347 cet
188 3298 247 3346 tarn
269 3283 356 3360 bene,
374 3305 462 3366 quarn
487 3283 655 3365 patronus?
701 3281 869 3353 Quomodo
892 3300 990 3349 autem
1014 3310 1062 3352 se·

117 3384 238 3452 quester
253 3369 313 3445 ille,
325 3383 355 3432 et
370 3369 467 3432 media
482 3369 576 3430 litium
591 3389 707 3444 manus,
718 3383 749 3430 et
763 3369 883 3451 quidam
900 3371 1057 3456 interpres,

86 3455 272 3538 arimpandet
287 3475 383 3537 aequo
399 3453 497 3516 animo
513 3453 647 3516 laborem
662 3453 690 3514 in
706 3454 816 3518 alienas
831 3456 976 3532 actiones,
991 3479 1076 3520 cum·

119 3540 241 3603 dicturis
257 3540 327 3603 tanti
344 3561 414 3603 snae
429 3561 488 3601 non
505 3539 562 3601 sint
579 3539 591 3598 ?

161 3623 318 3692 Pessimae
334 3646 406 3688 vero
423 3623 657 3704 consuetudinis,
668 3625 775 3690 libellis
789 3647 858 3690 esse
873 3638 1057 3701 contentum,
