2459 4200
365 233 519 280 sennenn
535 232 686 289 onem
702 239 841 282 carran.
1046 227 1090 292 η

188 381 271 448 Nam
293 385 450 449 exordium
473 385 543 449 duci
572 405 782 471 nonnunquam
805 389 896 454 niam
918 389 958 454 ab
986 403 1090 458 actore

145 491 254 534 causae
277 469 365 534 solet.
413 467 593 555 Quanquam
609 471 687 535 enim
704 474 845 557 pauciora
859 475 898 538 de
913 497 946 540 se
961 475 1029 561 ipso
1043 477 1089 543 di·

143 556 186 618 nit
207 570 238 618 et
260 555 393 642 parcius,
411 555 569 640 plurimum
591 570 691 622 mutan
710 559 748 622 ad
766 559 866 626 omnia
882 561 1026 626 momenti
1041 580 1089 629 est

142 641 173 704 in
188 641 247 704 boo
263 641 408 725 positum,
426 641 451 704 si
464 642 514 704 nir
530 641 625 705 bonta
642 643 783 708 creditur.
833 645 890 712 sic
912 647 991 710 enim
1012 669 1086 713 oon·

120 725 249 808 intinget,
273 741 387 792 utnon
409 727 537 792 studium
567 729 706 793 advocati
730 729 865 795 videatm
887 732 1008 810 afferre,
1030 735 1086 799 sed

145 831 239 896 paene
254 813 338 876 testis
350 813 451 876 fidem.
486 812 591 885 Quare
606 813 637 878 in
652 815 754 900 primis
769 817 956 882 existimetur
966 817 1086 884 venisse

141 897 181 959 ad
202 899 361 981 agendum,
379 898 486 962 duetus
508 899 611 966 officio
632 901 683 964 vel
704 902 901 986 cognationis,
917 903 965 966 vel
981 900 1085 968 omici-

140 981 222 1058 tiee;
244 984 434 1067 maximeque
449 984 552 1050 silleri
570 986 693 1071 poterit,
710 987 906 1072 reipublicae,
922 1003 972 1053 aut
991 989 1085 1055 abeu-

136 1065 188 1150 jns
211 1083 293 1132 certe
316 1089 375 1132 nou
400 1069 561 1134 mediocris
588 1072 732 1156 exempli.
780 1073 875 1146 Quod
904 1074 969 1138 sine
993 1074 1085 1140 dubio

107 1152 237 1214 manullo
259 1153 351 1236 magis
381 1153 453 1238 ipsis
483 1153 678 1238 litigatoribus
707 1156 878 1222 iaciendum
907 1174 966 1237 est,
991 1175 1024 1222 ut
1045 1159 1085 1224 ed

143 1237 292 1319 agendum
307 1259 409 1320 magna
423 1253 512 1336 atque
527 1241 654 1303 honesta
668 1240 795 1320 ratione,
808 1256 859 1305 aut
872 1242 964 1306 etiam
976 1263 1084 1306 neees-

137 1320 242 1398 sitate,
259 1321 424 1386 recessisse
439 1324 605 1387 videantur.

184 1405 250 1471 Sed
266 1421 298 1470 ut
313 1407 473 1492 praecipua
487 1408 517 1472 in
532 1409 591 1472 boo
607 1408 735 1473 dicentis
754 1409 927 1488 auotoritas,
943 1409 970 1474 si
984 1411 1083 1476 omnis

137 1492 168 1554 in
182 1491 339 1558 subeundo
354 1492 475 1577 negotio
491 1494 625 1578 suspicio
639 1495 784 1574 sordium,
800 1509 850 1560 aut
864 1495 1015 1576 odiomm,
1031 1512 1083 1563 aut

105 1577 307 1642 mambitionis
329 1577 479 1643 abluerit:
504 1579 544 1643 ita
562 1580 710 1664 quaedam
732 1581 763 1644 in
784 1581 831 1645 bis
852 1602 974 1666 quoque
996 1603 1081 1648 com·

135 1663 289 1726 mendatio
313 1664 417 1742 tacita,
436 1665 461 1728 si
483 1684 537 1728 nos
561 1665 694 1730 infirmos
720 1679 751 1730 et
776 1667 817 1730 im
873 1689 907 1730 es
931 1667 1081 1750 agentium

134 1763 241 1812 nonna
263 1749 389 1833 ingeniis
412 1750 585 1829 dixerimus,
602 1751 701 1835 qualia
721 1766 790 1815 sunt
854 1771 946 1832 reque
960 1749 1080 1816 Messe·

133 1833 184 1896 lne
198 1835 363 1918 prooemia.
411 1834 469 1900 Est
490 1837 568 1900 enim
588 1836 727 1900 naturalis
741 1835 827 1898 lavor
848 1854 903 1918 pro
922 1834 1081 1898 laboranti·

136 1917 217 1987 bus:
241 1933 271 1982 et
287 1918 386 2004 judex
411 1921 565 2006 religiosus
588 1919 781 1985 libentissime
804 1933 963 2005 patronum
983 1919 1078 2000 audit,

99 2023 225 2090 aequem
243 2005 377 2090 justitirm
400 2027 471 2071 suae
494 2006 614 2070 minime
637 2006 732 2070 timet.
780 2005 857 2071 Inde
876 2005 927 2070 illa
943 2020 1081 2072 veterum

135 2090 218 2155 cirea
244 2091 453 2160 occultandam
480 2092 680 2177 eloquentiam
708 2092 869 2171 simulatio,
893 2092 1018 2157 multum
1039 2092 1079 2157 ab

133 2176 193 2241 bae
208 2191 377 2241 nostrorum
392 2192 560 2265 temporum
579 2177 745 2263 jactatione
760 2178 889 2243 diversa.
1001 2212 1011 2221 ·

179 2262 345 2327 Vitandum
366 2264 469 2341 etiam,
485 2286 523 2326 ne
544 2264 765 2339 contumeliosi,
781 2262 927 2341 maligui,
943 2258 1078 2341 superbi,

136 2346 280 2409 maledici
297 2348 326 2411 in
347 2368 517 2433 quenquam
538 2347 691 2409 hominem
712 2346 888 2409 ordinemve
900 2344 1077 2423 videamur,

99 2434 298 2517 aspraeoipue
313 2454 429 2510 eorum,
446 2432 495 2518 qui
511 2432 601 2508 laedi,
613 2431 670 2494 nisi
685 2430 812 2493 adversa
822 2426 959 2515 judicum
973 2426 1078 2495 volun·

135 2531 207 2598 tate,
224 2541 284 2583 non
307 2533 441 2603 possunt.
488 2516 567 2582 Nam
589 2516 620 2579 in
637 2516 774 2601 judicem
795 2538 833 2580 ne
854 2514 927 2615 quid
949 2514 1076 2595 dicatur,

132 2624 194 2667 nun
208 2605 302 2668 modo
316 2604 426 2689 palam,
444 2604 499 2703 sed
511 2603 595 2752 qqod
611 2602 732 2665 omnino
747 2601 869 2686 intelligi
882 2602 990 2687 possit,
1004 2602 1077 2666 stul·

132 2702 275 2754 tumeret
290 2710 425 2769 monere,
442 2710 498 2753 ms1
552 2702 607 2751 ret.

175 2772 279 2839 Etiam
301 2774 393 2861 partis
417 2776 561 2839 adversae
584 2787 725 2858 patronus
741 2772 824 2839 dabit
838 2772 966 2836 exordio
981 2787 1075 2835 mate·

99 2860 229 2925 orimur
253 2860 371 2924 interim
386 2882 455 2925 cum
478 2862 604 2939 honore,
621 2860 646 2923 si
662 2858 862 2943 eloquentiam
877 2857 942 2943 ejus
956 2878 994 2921 ao
1008 2878 1075 2941 ga·

131 2946 204 3011 tiam
225 2966 284 3011 nos
305 2946 410 3010 timere
431 2947 583 3031 fingendo,
607 2960 640 3009 ut
661 2966 698 3007 ea
720 2958 862 3029 suspecta
884 2942 942 3005 sint
962 2941 1072 3025 judici,

130 3030 317 3097 iecerims:
347 3032 463 3097 interim
493 3054 548 3117 per
577 3028 813 3099 contumeliam
841 3027 898 3119 sed
923 3026 984 3085 boe
1033 3056 1074 3119 .-

135 3134 226 3201 quarn
239 3138 319 3195 raro,
335 3131 368 3181 ut
385 3117 508 3182 Asinius
531 3136 587 3199 pro
610 3110 758 3175 Urbiniae
779 3107 938 3170 heredibus
961 3104 1010 3168 La
1031 3127 1074 3171 re·

131 3220 205 3265 num
229 3202 388 3267 adversarii
410 3218 565 3288 patronum
580 3198 656 3261 inter
670 3206 841 3279 arguments
856 3189 949 3255 malae
964 3212 1074 3259 causae

97 3288 244 3374 reposuit.
290 3286 390 3375 Negat
406 3290 483 3352 haee
502 3308 570 3351 esse
592 3280 747 3369 prooemia
768 3278 930 3380 Cornelius
947 3277 1072 3361 Celsus,

131 3375 202 3461 quia
215 3374 276 3439 sint
289 3390 376 3439 extra
393 3375 486 3440 litem·
536 3370 602 3437 Sed
625 3390 683 3454 ego
704 3388 775 3436 cum
795 3380 972 3433 auctontnta
993 3387 1073 3431 snm·

131 3482 251 3526 morum
261 3474 413 3525 oratomm
429 3458 521 3543 magis
537 3458 644 3533 ducor,
655 3470 719 3520 tum
733 3454 881 3541 pertinere
896 3453 936 3517 ad
951 3468 1074 3517 comam

133 3560 217 3631 puto,
235 3543 434 3673 quidquidgd
450 3545 600 3610 dicentem
614 3542 766 3628 pertinet:
790 3561 860 3607 anm
875 3538 914 3603 sit
926 3524 1071 3606 naturale,
