<?xml version="1.0" encoding="UTF-8"?>
<!DOCTYPE html PUBLIC "-//W3C//DTD XHTML 1.0 Transitional//EN"
    "http://www.w3.org/TR/xhtml1/DTD/xhtml1-transitional.dtd">
<html xmlns="http://www.w3.org/1999/xhtml" xml:lang="en" lang="en">
 <head>
  <title>
</title>
<meta http-equiv="Content-Type" content="text/html;charset=utf-8" />
  <meta name='ocr-system' content='tesseract 3.04.00' />
  <meta name='ocr-capabilities' content='ocr_page ocr_carea ocr_par ocr_line ocrx_word'/>
</head>
<body>
  <div class='ocr_page' id='page_1' title='image "./mfabiiquinctili00aldegoog_0164.png"; bbox 0 0 2459 4200; ppageno 0'>
   <div class='ocr_carea' id='block_1_1' title="bbox 163 255 831 330">
    <p class='ocr_par' dir='ltr' id='par_1_1' title="bbox 163 255 831 330">
     <span class='ocr_line' id='line_1_1' title="bbox 163 255 831 330; baseline 0 -8"><span class='ocrx_word' id='word_1_1' title='bbox 163 261 224 328; x_wconf 81' lang='lat' dir='ltr'>tae</span> <span class='ocrx_word' id='word_1_2' title='bbox 438 277 474 322; x_wconf 78' lang='lat' dir='ltr'>nr.</span> <span class='ocrx_word' id='word_1_3' title='bbox 495 277 589 322; x_wconf 80' lang='lat' dir='ltr'>runrr</span> <span class='ocrx_word' id='word_1_4' title='bbox 607 255 831 330; x_wconf 72' lang='lat' dir='ltr'>ouinrrurartr</span> 
     </span>
    </p>
   </div>
   <div class='ocr_carea' id='block_1_2' title="bbox 73 428 1213 3389">
    <p class='ocr_par' dir='ltr' id='par_1_2' title="bbox 115 428 1157 1788">
     <span class='ocr_line' id='line_1_2' title="bbox 201 428 1101 523; baseline 0.003 -32"><span class='ocrx_word' id='word_1_5' title='bbox 201 428 304 500; x_wconf 84' lang='lat' dir='ltr'>Quare</span> <span class='ocrx_word' id='word_1_6' title='bbox 324 443 427 492; x_wconf 92' lang='lat' dir='ltr'>notum</span> <span class='ocrx_word' id='word_1_7' title='bbox 451 429 488 492; x_wconf 88' lang='lat' dir='ltr'>sit</span> <span class='ocrx_word' id='word_1_8' title='bbox 510 443 578 492; x_wconf 87' lang='lat' dir='ltr'>ante</span> <span class='ocrx_word' id='word_1_9' title='bbox 601 429 712 506; x_wconf 86' lang='lat' dir='ltr'>omnia,</span> <span class='ocrx_word' id='word_1_10' title='bbox 729 429 800 512; x_wconf 91' lang='lat' dir='ltr'>quid</span> <span class='ocrx_word' id='word_1_11' title='bbox 822 431 1030 523; x_wconf 66' lang='lat' dir='ltr'>conciliendo,</span> <span class='ocrx_word' id='word_1_12' title='bbox 1046 433 1101 494; x_wconf 81' lang='lat' dir='ltr'>do·</span> 
     </span>
     <span class='ocr_line' id='line_1_3' title="bbox 158 513 1099 599; baseline 0.006 -25"><span class='ocrx_word' id='word_1_13' title='bbox 158 515 261 590; x_wconf 75' lang='lat' dir='ltr'>condo,</span> <span class='ocrx_word' id='word_1_14' title='bbox 286 514 429 577; x_wconf 83' lang='lat' dir='ltr'>movendo</span> <span class='ocrx_word' id='word_1_15' title='bbox 451 513 547 599; x_wconf 90' lang='lat' dir='ltr'>judici</span> <span class='ocrx_word' id='word_1_16' title='bbox 573 515 756 578; x_wconf 87' lang='lat' dir='ltr'>conveniat:</span> <span class='ocrx_word' id='word_1_17' title='bbox 778 515 850 597; x_wconf 93' lang='lat' dir='ltr'>quid</span> <span class='ocrx_word' id='word_1_18' title='bbox 871 537 989 599; x_wconf 89' lang='lat' dir='ltr'>quaque</span> <span class='ocrx_word' id='word_1_19' title='bbox 1012 532 1099 599; x_wconf 87' lang='lat' dir='ltr'>parte</span> 
     </span>
     <span class='ocr_line' id='line_1_4' title="bbox 157 598 1098 682; baseline 0.005 -22"><span class='ocrx_word' id='word_1_20' title='bbox 157 598 297 660; x_wconf 87' lang='lat' dir='ltr'>orationis</span> <span class='ocrx_word' id='word_1_21' title='bbox 313 615 459 682; x_wconf 86' lang='lat' dir='ltr'>petamus.</span> <span class='ocrx_word' id='word_1_22' title='bbox 507 598 554 662; x_wconf 86' lang='lat' dir='ltr'>Ita</span> <span class='ocrx_word' id='word_1_23' title='bbox 574 621 672 682; x_wconf 87' lang='lat' dir='ltr'>neque</span> <span class='ocrx_word' id='word_1_24' title='bbox 688 613 801 676; x_wconf 91' lang='lat' dir='ltr'>vetera,</span> <span class='ocrx_word' id='word_1_25' title='bbox 818 615 870 663; x_wconf 88' lang='lat' dir='ltr'>aut</span> <span class='ocrx_word' id='word_1_26' title='bbox 884 602 1034 680; x_wconf 85' lang='lat' dir='ltr'>translata,</span> <span class='ocrx_word' id='word_1_27' title='bbox 1043 617 1098 665; x_wconf 87' lang='lat' dir='ltr'>aut</span> 
     </span>
     <span class='ocr_line' id='line_1_5' title="bbox 156 681 1097 767; baseline 0.006 -23"><span class='ocrx_word' id='word_1_28' title='bbox 156 681 225 745; x_wconf 86' lang='lat' dir='ltr'>ficta</span> <span class='ocrx_word' id='word_1_29' title='bbox 236 683 326 746; x_wconf 86' lang='lat' dir='ltr'>verba</span> <span class='ocrx_word' id='word_1_30' title='bbox 342 684 370 746; x_wconf 89' lang='lat' dir='ltr'>iu</span> <span class='ocrx_word' id='word_1_31' title='bbox 386 685 572 767; x_wconf 81' lang='lat' dir='ltr'>incipiendo,</span> <span class='ocrx_word' id='word_1_32' title='bbox 583 684 752 762; x_wconf 74' lang='lat' dir='ltr'>camundo,</span> <span class='ocrx_word' id='word_1_33' title='bbox 762 687 1004 767; x_wconf 77' lang='lat' dir='ltr'>argumentando</span> <span class='ocrx_word' id='word_1_34' title='bbox 1018 702 1097 751; x_wconf 90' lang='lat' dir='ltr'>trac·</span> 
     </span>
     <span class='ocr_line' id='line_1_6' title="bbox 155 767 1123 852; baseline 0.01 -24"><span class='ocrx_word' id='word_1_35' title='bbox 155 767 294 844; x_wconf 86' lang='lat' dir='ltr'>tabimus,</span> <span class='ocrx_word' id='word_1_36' title='bbox 312 790 407 852; x_wconf 88' lang='lat' dir='ltr'>neque</span> <span class='ocrx_word' id='word_1_37' title='bbox 434 771 629 832; x_wconf 78' lang='lat' dir='ltr'>decurrentes</span> <span class='ocrx_word' id='word_1_38' title='bbox 655 783 798 832; x_wconf 81' lang='lat' dir='ltr'>contexto</span> <span class='ocrx_word' id='word_1_39' title='bbox 822 770 918 834; x_wconf 87' lang='lat' dir='ltr'>nitore</span> <span class='ocrx_word' id='word_1_40' title='bbox 943 772 1123 851; x_wconf 81' lang='lat' dir='ltr'>circuitus,s</span> 
     </span>
     <span class='ocr_line' id='line_1_7' title="bbox 157 851 1096 939; baseline 0.009 -26"><span class='ocrx_word' id='word_1_41' title='bbox 157 851 207 914; x_wconf 89' lang='lat' dir='ltr'>ubi</span> <span class='ocrx_word' id='word_1_42' title='bbox 225 853 384 916; x_wconf 86' lang='lat' dir='ltr'>dividenda</span> <span class='ocrx_word' id='word_1_43' title='bbox 406 854 460 917; x_wconf 91' lang='lat' dir='ltr'>erit</span> <span class='ocrx_word' id='word_1_44' title='bbox 483 872 585 930; x_wconf 84' lang='lat' dir='ltr'>cause,</span> <span class='ocrx_word' id='word_1_45' title='bbox 603 870 633 916; x_wconf 93' lang='lat' dir='ltr'>et</span> <span class='ocrx_word' id='word_1_46' title='bbox 655 855 685 916; x_wconf 92' lang='lat' dir='ltr'>iu</span> <span class='ocrx_word' id='word_1_47' title='bbox 708 869 805 938; x_wconf 87' lang='lat' dir='ltr'>partes</span> <span class='ocrx_word' id='word_1_48' title='bbox 830 877 899 918; x_wconf 87' lang='lat' dir='ltr'>suas</span> <span class='ocrx_word' id='word_1_49' title='bbox 922 857 1096 939; x_wconf 90' lang='lat' dir='ltr'>digerenda,</span> 
     </span>
     <span class='ocr_line' id='line_1_8' title="bbox 156 938 1098 1024; baseline 0.011 -26"><span class='ocrx_word' id='word_1_50' title='bbox 156 957 252 1020; x_wconf 88' lang='lat' dir='ltr'>ueqne</span> <span class='ocrx_word' id='word_1_51' title='bbox 282 938 391 1001; x_wconf 87' lang='lat' dir='ltr'>humile</span> <span class='ocrx_word' id='word_1_52' title='bbox 420 939 735 1022; x_wconf 84' lang='lat' dir='ltr'>atquequotidiauum</span> <span class='ocrx_word' id='word_1_53' title='bbox 764 941 910 1002; x_wconf 88' lang='lat' dir='ltr'>sermonis</span> <span class='ocrx_word' id='word_1_54' title='bbox 938 963 1044 1024; x_wconf 88' lang='lat' dir='ltr'>genus,</span> <span class='ocrx_word' id='word_1_55' title='bbox 1066 958 1098 1008; x_wconf 92' lang='lat' dir='ltr'>et</span> 
     </span>
     <span class='ocr_line' id='line_1_9' title="bbox 156 1023 1097 1108; baseline 0.009 -26"><span class='ocrx_word' id='word_1_56' title='bbox 156 1024 375 1104; x_wconf 84' lang='lat' dir='ltr'>compositione</span> <span class='ocrx_word' id='word_1_57' title='bbox 404 1025 468 1108; x_wconf 89' lang='lat' dir='ltr'>ipsa</span> <span class='ocrx_word' id='word_1_58' title='bbox 499 1023 686 1102; x_wconf 89' lang='lat' dir='ltr'>dissolutum,</span> <span class='ocrx_word' id='word_1_59' title='bbox 716 1025 840 1107; x_wconf 82' lang='lat' dir='ltr'>epilogis</span> <span class='ocrx_word' id='word_1_60' title='bbox 865 1026 1011 1102; x_wconf 82' lang='lat' dir='ltr'>dabimus,</span> <span class='ocrx_word' id='word_1_61' title='bbox 1037 1050 1097 1099; x_wconf 87' lang='lat' dir='ltr'>nec</span> 
     </span>
     <span class='ocr_line' id='line_1_10' title="bbox 115 1103 1094 1192; baseline 0.011 -28"><span class='ocrx_word' id='word_1_62' title='bbox 115 1171 119 1178; x_wconf 53' lang='grc'>,</span> <span class='ocrx_word' id='word_1_63' title='bbox 151 1103 232 1189; x_wconf 88' lang='lat' dir='ltr'>jocis</span> <span class='ocrx_word' id='word_1_64' title='bbox 259 1105 407 1186; x_wconf 82' lang='lat' dir='ltr'>lacrimas,</span> <span class='ocrx_word' id='word_1_65' title='bbox 425 1109 475 1172; x_wconf 93' lang='lat' dir='ltr'>nbi</span> <span class='ocrx_word' id='word_1_66' title='bbox 502 1131 577 1192; x_wconf 87' lang='lat' dir='ltr'>opus</span> <span class='ocrx_word' id='word_1_67' title='bbox 605 1109 661 1172; x_wconf 87' lang='lat' dir='ltr'>erit</span> <span class='ocrx_word' id='word_1_68' title='bbox 684 1109 885 1188; x_wconf 87' lang='lat' dir='ltr'>miseratione,</span> <span class='ocrx_word' id='word_1_69' title='bbox 902 1109 1094 1177; x_wconf 89' lang='lat' dir='ltr'>siccabimus.</span> 
     </span>
     <span class='ocr_line' id='line_1_11' title="bbox 156 1187 1133 1277; baseline 0.012 -27"><span class='ocrx_word' id='word_1_70' title='bbox 156 1187 235 1252; x_wconf 88' lang='lat' dir='ltr'>Nam</span> <span class='ocrx_word' id='word_1_71' title='bbox 256 1209 375 1256; x_wconf 87' lang='lat' dir='ltr'>ornatus</span> <span class='ocrx_word' id='word_1_72' title='bbox 395 1196 490 1257; x_wconf 86' lang='lat' dir='ltr'>omnis</span> <span class='ocrx_word' id='word_1_73' title='bbox 510 1215 569 1256; x_wconf 89' lang='lat' dir='ltr'>uon</span> <span class='ocrx_word' id='word_1_74' title='bbox 592 1209 652 1256; x_wconf 87' lang='lat' dir='ltr'>tam</span> <span class='ocrx_word' id='word_1_75' title='bbox 675 1215 740 1271; x_wconf 89' lang='lat' dir='ltr'>sua,</span> <span class='ocrx_word' id='word_1_76' title='bbox 757 1216 847 1277; x_wconf 89' lang='lat' dir='ltr'>quam</span> <span class='ocrx_word' id='word_1_77' title='bbox 868 1197 923 1273; x_wconf 87' lang='lat' dir='ltr'>rei,</span> <span class='ocrx_word' id='word_1_78' title='bbox 940 1197 989 1259; x_wconf 93' lang='lat' dir='ltr'>cui</span> <span class='ocrx_word' id='word_1_79' title='bbox 1012 1199 1133 1262; x_wconf 82' lang='lat' dir='ltr'>adbi=uo</span> 
     </span>
     <span class='ocr_line' id='line_1_12' title="bbox 154 1273 1157 1364; baseline 0.011 -26"><span class='ocrx_word' id='word_1_80' title='bbox 154 1273 252 1352; x_wconf 86' lang='lat' dir='ltr'>betur,</span> <span class='ocrx_word' id='word_1_81' title='bbox 272 1279 442 1341; x_wconf 91' lang='lat' dir='ltr'>conditione</span> <span class='ocrx_word' id='word_1_82' title='bbox 463 1293 605 1342; x_wconf 89' lang='lat' dir='ltr'>constat:</span> <span class='ocrx_word' id='word_1_83' title='bbox 629 1301 685 1342; x_wconf 90' lang='lat' dir='ltr'>neo</span> <span class='ocrx_word' id='word_1_84' title='bbox 708 1281 774 1363; x_wconf 91' lang='lat' dir='ltr'>plus</span> <span class='ocrx_word' id='word_1_85' title='bbox 792 1279 893 1356; x_wconf 82' lang='lat' dir='ltr'>refert,</span> <span class='ocrx_word' id='word_1_86' title='bbox 911 1282 983 1364; x_wconf 95' lang='lat' dir='ltr'>quid</span> <span class='ocrx_word' id='word_1_87' title='bbox 998 1284 1093 1360; x_wconf 89' lang='lat' dir='ltr'>dicas,</span> <span class='ocrx_word' id='word_1_88' title='bbox 1154 1290 1157 1296; x_wconf 79' lang='grc'><strong>’</strong></span> 
     </span>
     <span class='ocr_line' id='line_1_13' title="bbox 155 1364 1095 1449; baseline 0.012 -28"><span class='ocrx_word' id='word_1_89' title='bbox 155 1378 244 1441; x_wconf 84' lang='lat' dir='ltr'>quarn</span> <span class='ocrx_word' id='word_1_90' title='bbox 260 1384 319 1445; x_wconf 95' lang='lat' dir='ltr'>quo</span> <span class='ocrx_word' id='word_1_91' title='bbox 333 1364 415 1427; x_wconf 93' lang='lat' dir='ltr'>loco.</span> <span class='ocrx_word' id='word_1_92' title='bbox 465 1365 530 1428; x_wconf 85' lang='lat' dir='ltr'>Sed</span> <span class='ocrx_word' id='word_1_93' title='bbox 546 1377 639 1427; x_wconf 89' lang='lat' dir='ltr'>toturn</span> <span class='ocrx_word' id='word_1_94' title='bbox 655 1366 725 1441; x_wconf 92' lang='lat' dir='ltr'>boc,</span> <span class='ocrx_word' id='word_1_95' title='bbox 743 1380 811 1449; x_wconf 88' lang='lat' dir='ltr'>apte</span> <span class='ocrx_word' id='word_1_96' title='bbox 827 1366 940 1442; x_wconf 87' lang='lat' dir='ltr'>dicere,</span> <span class='ocrx_word' id='word_1_97' title='bbox 956 1389 1016 1430; x_wconf 88' lang='lat' dir='ltr'>nou</span> <span class='ocrx_word' id='word_1_98' title='bbox 1032 1370 1095 1432; x_wconf 89' lang='lat' dir='ltr'>elo·</span> 
     </span>
     <span class='ocr_line' id='line_1_14' title="bbox 155 1445 1094 1531; baseline 0.015 -27"><span class='ocrx_word' id='word_1_99' title='bbox 155 1445 281 1508; x_wconf 90' lang='lat' dir='ltr'>cutionis</span> <span class='ocrx_word' id='word_1_100' title='bbox 299 1463 410 1511; x_wconf 90' lang='lat' dir='ltr'>tanturn</span> <span class='ocrx_word' id='word_1_101' title='bbox 426 1471 534 1531; x_wconf 86' lang='lat' dir='ltr'>genere</span> <span class='ocrx_word' id='word_1_102' title='bbox 550 1465 680 1527; x_wconf 83' lang='lat' dir='ltr'>constat,</span> <span class='ocrx_word' id='word_1_103' title='bbox 697 1451 749 1512; x_wconf 92' lang='lat' dir='ltr'>sed</span> <span class='ocrx_word' id='word_1_104' title='bbox 772 1466 818 1513; x_wconf 89' lang='lat' dir='ltr'>est</span> <span class='ocrx_word' id='word_1_105' title='bbox 838 1473 907 1514; x_wconf 88' lang='lat' dir='ltr'>cum</span> <span class='ocrx_word' id='word_1_106' title='bbox 923 1452 1094 1518; x_wconf 74' lang='lat' dir='ltr'>inventione</span> 
     </span>
     <span class='ocr_line' id='line_1_15' title="bbox 154 1531 1092 1602; baseline 0.017 -15"><span class='ocrx_word' id='word_1_107' title='bbox 154 1547 324 1592; x_wconf 88' lang='lat' dir='ltr'>commune.</span> <span class='ocrx_word' id='word_1_108' title='bbox 364 1531 441 1593; x_wconf 91' lang='lat' dir='ltr'>Nam</span> <span class='ocrx_word' id='word_1_109' title='bbox 457 1534 610 1595; x_wconf 89' lang='lat' dir='ltr'>sitantum</span> <span class='ocrx_word' id='word_1_110' title='bbox 625 1535 735 1597; x_wconf 89' lang='lat' dir='ltr'>babent</span> <span class='ocrx_word' id='word_1_111' title='bbox 750 1536 942 1600; x_wconf 84' lang='lat' dir='ltr'>etiamverba</span> <span class='ocrx_word' id='word_1_112' title='bbox 958 1559 1092 1602; x_wconf 89' lang='lat' dir='ltr'>momen·</span> 
     </span>
     <span class='ocr_line' id='line_1_16' title="bbox 154 1617 1132 1704; baseline 0.018 -33"><span class='ocrx_word' id='word_1_113' title='bbox 154 1623 226 1685; x_wconf 91' lang='lat' dir='ltr'>tum,</span> <span class='ocrx_word' id='word_1_114' title='bbox 243 1629 352 1694; x_wconf 91' lang='lat' dir='ltr'>quanto</span> <span class='ocrx_word' id='word_1_115' title='bbox 369 1638 415 1678; x_wconf 90' lang='lat' dir='ltr'>res</span> <span class='ocrx_word' id='word_1_116' title='bbox 432 1617 514 1699; x_wconf 87' lang='lat' dir='ltr'>ipsae</span> <span class='ocrx_word' id='word_1_117' title='bbox 530 1617 625 1702; x_wconf 89' lang='lat' dir='ltr'>majus</span> <span class='ocrx_word' id='word_1_118' title='bbox 641 1619 653 1678; x_wconf 74' lang='grc' dir='ltr'><strong><em>ἓ</em></strong></span> <span class='ocrx_word' id='word_1_119' title='bbox 698 1619 835 1690; x_wconf 80' lang='lat' dir='ltr'>Quarum</span> <span class='ocrx_word' id='word_1_120' title='bbox 850 1643 928 1704; x_wconf 89' lang='lat' dir='ltr'>quae</span> <span class='ocrx_word' id='word_1_121' title='bbox 943 1639 1023 1686; x_wconf 89' lang='lat' dir='ltr'>esset</span> <span class='ocrx_word' id='word_1_122' title='bbox 1039 1626 1132 1690; x_wconf 78' lang='lat' dir='ltr'>obis</span> 
     </span>
     <span class='ocr_line' id='line_1_17' title="bbox 154 1699 814 1788; baseline 0.017 -33"><span class='ocrx_word' id='word_1_123' title='bbox 154 1699 293 1773; x_wconf 89' lang='lat' dir='ltr'>servatio,</span> <span class='ocrx_word' id='word_1_124' title='bbox 312 1700 372 1762; x_wconf 91' lang='lat' dir='ltr'>suis</span> <span class='ocrx_word' id='word_1_125' title='bbox 388 1701 463 1764; x_wconf 86' lang='lat' dir='ltr'>locis</span> <span class='ocrx_word' id='word_1_126' title='bbox 479 1702 604 1764; x_wconf 91' lang='lat' dir='ltr'>subinde</span> <span class='ocrx_word' id='word_1_127' title='bbox 620 1703 814 1788; x_wconf 86' lang='lat' dir='ltr'>subjecimus.</span> 
     </span>
    </p>

    <p class='ocr_par' dir='ltr' id='par_1_3' title="bbox 73 1777 1128 2458">
     <span class='ocr_line' id='line_1_18' title="bbox 196 1777 1092 1870; baseline 0.018 -27"><span class='ocrx_word' id='word_1_128' title='bbox 196 1777 274 1844; x_wconf 92' lang='lat' dir='ltr'>Illud</span> <span class='ocrx_word' id='word_1_129' title='bbox 299 1800 344 1848; x_wconf 89' lang='lat' dir='ltr'>est</span> <span class='ocrx_word' id='word_1_130' title='bbox 367 1786 532 1870; x_wconf 88' lang='lat' dir='ltr'>diligentius</span> <span class='ocrx_word' id='word_1_131' title='bbox 556 1788 739 1866; x_wconf 90' lang='lat' dir='ltr'>docendum,</span> <span class='ocrx_word' id='word_1_132' title='bbox 757 1812 825 1854; x_wconf 91' lang='lat' dir='ltr'>eum</span> <span class='ocrx_word' id='word_1_133' title='bbox 846 1793 968 1854; x_wconf 89' lang='lat' dir='ltr'>demum</span> <span class='ocrx_word' id='word_1_134' title='bbox 990 1794 1092 1860; x_wconf 89' lang='lat' dir='ltr'>dicere</span> 
     </span>
     <span class='ocr_line' id='line_1_19' title="bbox 153 1869 1094 1960; baseline 0.016 -33"><span class='ocrx_word' id='word_1_135' title='bbox 153 1880 234 1947; x_wconf 83' lang='lat' dir='ltr'>apte,</span> <span class='ocrx_word' id='word_1_136' title='bbox 252 1869 313 1950; x_wconf 92' lang='lat' dir='ltr'>qui,</span> <span class='ocrx_word' id='word_1_137' title='bbox 331 1893 389 1933; x_wconf 92' lang='lat' dir='ltr'>non</span> <span class='ocrx_word' id='word_1_138' title='bbox 405 1873 500 1935; x_wconf 89' lang='lat' dir='ltr'>solum</span> <span class='ocrx_word' id='word_1_139' title='bbox 517 1874 590 1955; x_wconf 81' lang='lat' dir='ltr'>qnid</span> <span class='ocrx_word' id='word_1_140' title='bbox 606 1876 756 1956; x_wconf 75' lang='lat' dir='ltr'>expediat,</span> <span class='ocrx_word' id='word_1_141' title='bbox 773 1878 826 1939; x_wconf 91' lang='lat' dir='ltr'>sed</span> <span class='ocrx_word' id='word_1_142' title='bbox 848 1878 938 1940; x_wconf 87' lang='lat' dir='ltr'>etiam</span> <span class='ocrx_word' id='word_1_143' title='bbox 953 1880 1026 1960; x_wconf 79' lang='lat' dir='ltr'>quid</span> <span class='ocrx_word' id='word_1_144' title='bbox 1042 1881 1094 1942; x_wconf 85' lang='lat' dir='ltr'>dc·</span> 
     </span>
     <span class='ocr_line' id='line_1_20' title="bbox 153 1953 1093 2044; baseline 0.023 -37"><span class='ocrx_word' id='word_1_145' title='bbox 153 1961 227 2024; x_wconf 84' lang='lat' dir='ltr'>caat,</span> <span class='ocrx_word' id='word_1_146' title='bbox 246 1953 418 2033; x_wconf 80' lang='lat' dir='ltr'>inspexerit.</span> <span class='ocrx_word' id='word_1_147' title='bbox 465 1958 532 2018; x_wconf 90' lang='lat' dir='ltr'>Nec</span> <span class='ocrx_word' id='word_1_148' title='bbox 557 1981 605 2020; x_wconf 92' lang='lat' dir='ltr'>me</span> <span class='ocrx_word' id='word_1_149' title='bbox 628 1959 712 2042; x_wconf 85' lang='lat' dir='ltr'>sugit,</span> <span class='ocrx_word' id='word_1_150' title='bbox 730 1962 902 2044; x_wconf 91' lang='lat' dir='ltr'>plerumque</span> <span class='ocrx_word' id='word_1_151' title='bbox 924 1964 1001 2026; x_wconf 87' lang='lat' dir='ltr'>haec</span> <span class='ocrx_word' id='word_1_152' title='bbox 1024 1987 1093 2030; x_wconf 90' lang='lat' dir='ltr'>esse</span> 
     </span>
     <span class='ocr_line' id='line_1_21' title="bbox 152 2032 1128 2133; baseline 0.026 -42"><span class='ocrx_word' id='word_1_153' title='bbox 152 2032 319 2115; x_wconf 85' lang='lat' dir='ltr'>conjuncta.</span> <span class='ocrx_word' id='word_1_154' title='bbox 367 2038 445 2103; x_wconf 90' lang='lat' dir='ltr'>Nam</span> <span class='ocrx_word' id='word_1_155' title='bbox 460 2041 540 2123; x_wconf 91' lang='lat' dir='ltr'>quod</span> <span class='ocrx_word' id='word_1_156' title='bbox 556 2044 656 2121; x_wconf 88' lang='lat' dir='ltr'>decet,</span> <span class='ocrx_word' id='word_1_157' title='bbox 674 2044 736 2110; x_wconf 87' lang='lat' dir='ltr'>lere</span> <span class='ocrx_word' id='word_1_158' title='bbox 752 2047 898 2129; x_wconf 85' lang='lat' dir='ltr'>prodest:</span> <span class='ocrx_word' id='word_1_159' title='bbox 921 2071 1019 2133; x_wconf 88' lang='lat' dir='ltr'>neque</span> <span class='ocrx_word' id='word_1_160' title='bbox 1034 2051 1128 2115; x_wconf 73' lang='lat' dir='ltr'>alione</span> 
     </span>
     <span class='ocr_line' id='line_1_22' title="bbox 152 2117 1091 2208; baseline 0.029 -33"><span class='ocrx_word' id='word_1_161' title='bbox 152 2117 244 2199; x_wconf 88' lang='lat' dir='ltr'>magis</span> <span class='ocrx_word' id='word_1_162' title='bbox 260 2118 346 2181; x_wconf 92' lang='lat' dir='ltr'>animi</span> <span class='ocrx_word' id='word_1_163' title='bbox 358 2122 494 2206; x_wconf 83' lang='lat' dir='ltr'>judicum</span> <span class='ocrx_word' id='word_1_164' title='bbox 510 2129 675 2207; x_wconf 88' lang='lat' dir='ltr'>conciliari,</span> <span class='ocrx_word' id='word_1_165' title='bbox 687 2144 748 2208; x_wconf 92' lang='lat' dir='ltr'>aut,</span> <span class='ocrx_word' id='word_1_166' title='bbox 762 2133 787 2193; x_wconf 89' lang='lat' dir='ltr'>si</span> <span class='ocrx_word' id='word_1_167' title='bbox 802 2154 850 2195; x_wconf 91' lang='lat' dir='ltr'>res</span> <span class='ocrx_word' id='word_1_168' title='bbox 861 2133 895 2194; x_wconf 87' lang='lat' dir='ltr'>&#39;in</span> <span class='ocrx_word' id='word_1_169' title='bbox 911 2137 1091 2203; x_wconf 86' lang='lat' dir='ltr'>contrarium</span> 
     </span>
     <span class='ocr_line' id='line_1_23' title="bbox 73 2200 1090 2299; baseline 0.026 -39"><span class='ocrx_word' id='word_1_170' title='bbox 73 2228 84 2239; x_wconf 90' lang='lat'>·</span> <span class='ocrx_word' id='word_1_171' title='bbox 152 2200 227 2280; x_wconf 89' lang='lat' dir='ltr'>tulit,</span> <span class='ocrx_word' id='word_1_172' title='bbox 244 2203 362 2269; x_wconf 90' lang='lat' dir='ltr'>alienari</span> <span class='ocrx_word' id='word_1_173' title='bbox 383 2210 489 2275; x_wconf 89' lang='lat' dir='ltr'>solent.</span> <span class='ocrx_word' id='word_1_174' title='bbox 540 2212 711 2299; x_wconf 81' lang='lat' dir='ltr'>Aliquando</span> <span class='ocrx_word' id='word_1_175' title='bbox 726 2231 825 2283; x_wconf 89' lang='lat' dir='ltr'>tamen</span> <span class='ocrx_word' id='word_1_176' title='bbox 841 2235 871 2281; x_wconf 91' lang='lat' dir='ltr'>et</span> <span class='ocrx_word' id='word_1_177' title='bbox 886 2219 961 2282; x_wconf 89' lang='lat' dir='ltr'>baec</span> <span class='ocrx_word' id='word_1_178' title='bbox 977 2222 1090 2285; x_wconf 92' lang='lat' dir='ltr'>dissen-</span> 
     </span>
     <span class='ocr_line' id='line_1_24' title="bbox 151 2286 1090 2387; baseline 0.023 -39"><span class='ocrx_word' id='word_1_179' title='bbox 151 2286 233 2351; x_wconf 89' lang='lat' dir='ltr'>tiunt.</span> <span class='ocrx_word' id='word_1_180' title='bbox 282 2290 411 2361; x_wconf 81' lang='lat' dir='ltr'>Quoties</span> <span class='ocrx_word' id='word_1_181' title='bbox 431 2313 529 2361; x_wconf 88' lang='lat' dir='ltr'>autem</span> <span class='ocrx_word' id='word_1_182' title='bbox 548 2302 730 2383; x_wconf 86' lang='lat' dir='ltr'>pugnabunt,</span> <span class='ocrx_word' id='word_1_183' title='bbox 747 2304 842 2387; x_wconf 86' lang='lat' dir='ltr'>ipsam</span> <span class='ocrx_word' id='word_1_184' title='bbox 858 2304 1010 2368; x_wconf 85' lang='lat' dir='ltr'>utilitatem</span> <span class='ocrx_word' id='word_1_185' title='bbox 1025 2307 1090 2371; x_wconf 78' lang='lat' dir='ltr'>viu·</span> 
     </span>
     <span class='ocr_line' id='line_1_25' title="bbox 152 2376 412 2458; baseline 0.035 -25"><span class='ocrx_word' id='word_1_186' title='bbox 152 2387 201 2450; x_wconf 80' lang='lat' dir='ltr'>cet</span> <span class='ocrx_word' id='word_1_187' title='bbox 216 2376 297 2458; x_wconf 93' lang='lat' dir='ltr'>quod</span> <span class='ocrx_word' id='word_1_188' title='bbox 313 2377 412 2441; x_wconf 89' lang='lat' dir='ltr'>decet.</span> 
     </span>
    </p>

    <p class='ocr_par' dir='ltr' id='par_1_4' title="bbox 147 2458 1213 3389">
     <span class='ocr_line' id='line_1_26' title="bbox 193 2458 1127 2555; baseline 0.02 -35"><span class='ocrx_word' id='word_1_189' title='bbox 193 2458 272 2523; x_wconf 88' lang='lat' dir='ltr'>Nam</span> <span class='ocrx_word' id='word_1_190' title='bbox 288 2463 352 2543; x_wconf 89' lang='lat' dir='ltr'>quis</span> <span class='ocrx_word' id='word_1_191' title='bbox 371 2468 479 2543; x_wconf 88' lang='lat' dir='ltr'>nescit,</span> <span class='ocrx_word' id='word_1_192' title='bbox 497 2470 568 2532; x_wconf 91' lang='lat' dir='ltr'>nihil</span> <span class='ocrx_word' id='word_1_193' title='bbox 590 2474 682 2555; x_wconf 88' lang='lat' dir='ltr'>magis</span> <span class='ocrx_word' id='word_1_194' title='bbox 706 2472 889 2555; x_wconf 80' lang='lat' dir='ltr'>profuturum</span> <span class='ocrx_word' id='word_1_195' title='bbox 911 2477 1127 2547; x_wconf 57' lang='lat' dir='ltr'>ad0absolu·a⁵</span> 
     </span>
     <span class='ocr_line' id='line_1_27' title="bbox 151 2542 1090 2645; baseline 0.024 -42"><span class='ocrx_word' id='word_1_196' title='bbox 151 2542 261 2607; x_wconf 90' lang='lat' dir='ltr'>tionem</span> <span class='ocrx_word' id='word_1_197' title='bbox 280 2545 401 2609; x_wconf 85' lang='lat' dir='ltr'>Socrati</span> <span class='ocrx_word' id='word_1_198' title='bbox 419 2546 520 2627; x_wconf 86' lang='lat' dir='ltr'>luisse,</span> <span class='ocrx_word' id='word_1_199' title='bbox 538 2556 670 2636; x_wconf 89' lang='lat' dir='ltr'>quamsi</span> <span class='ocrx_word' id='word_1_200' title='bbox 690 2571 770 2621; x_wconf 89' lang='lat' dir='ltr'>esset</span> <span class='ocrx_word' id='word_1_201' title='bbox 793 2582 863 2622; x_wconf 90' lang='lat' dir='ltr'>usus</span> <span class='ocrx_word' id='word_1_202' title='bbox 886 2561 937 2623; x_wconf 92' lang='lat' dir='ltr'>illo</span> <span class='ocrx_word' id='word_1_203' title='bbox 955 2561 1090 2645; x_wconf 80' lang='lat' dir='ltr'>judiciali</span> 
     </span>
     <span class='ocr_line' id='line_1_28' title="bbox 150 2627 1088 2733; baseline 0.028 -47"><span class='ocrx_word' id='word_1_204' title='bbox 150 2647 259 2707; x_wconf 84' lang='lat' dir='ltr'>genere</span> <span class='ocrx_word' id='word_1_205' title='bbox 273 2627 465 2705; x_wconf 86' lang='lat' dir='ltr'>defensionis,</span> <span class='ocrx_word' id='word_1_206' title='bbox 478 2648 508 2693; x_wconf 88' lang='lat' dir='ltr'>et</span> <span class='ocrx_word' id='word_1_207' title='bbox 523 2640 655 2701; x_wconf 90' lang='lat' dir='ltr'>oratione</span> <span class='ocrx_word' id='word_1_208' title='bbox 670 2642 825 2704; x_wconf 89' lang='lat' dir='ltr'>summissa</span> <span class='ocrx_word' id='word_1_209' title='bbox 836 2646 1028 2710; x_wconf 86' lang='lat' dir='ltr'>conciliasset</span> <span class='ocrx_word' id='word_1_210' title='bbox 1039 2648 1088 2733; x_wconf 92' lang='lat' dir='ltr'>ju·</span> 
     </span>
     <span class='ocr_line' id='line_1_29' title="bbox 151 2708 1089 2815; baseline 0.028 -44"><span class='ocrx_word' id='word_1_211' title='bbox 151 2708 250 2771; x_wconf 92' lang='lat' dir='ltr'>dicum</span> <span class='ocrx_word' id='word_1_212' title='bbox 261 2712 380 2775; x_wconf 82' lang='lat' dir='ltr'>&#39;animos</span> <span class='ocrx_word' id='word_1_213' title='bbox 397 2714 464 2790; x_wconf 91' lang='lat' dir='ltr'>sibi,</span> <span class='ocrx_word' id='word_1_214' title='bbox 482 2718 653 2803; x_wconf 87' lang='lat' dir='ltr'>crimenque</span> <span class='ocrx_word' id='word_1_215' title='bbox 669 2724 765 2804; x_wconf 91' lang='lat' dir='ltr'>ipsum</span> <span class='ocrx_word' id='word_1_216' title='bbox 781 2728 907 2791; x_wconf 89' lang='lat' dir='ltr'>sollicite</span> <span class='ocrx_word' id='word_1_217' title='bbox 923 2733 1089 2815; x_wconf 87' lang='lat' dir='ltr'>redarguis·</span> 
     </span>
     <span class='ocr_line' id='line_1_30' title="bbox 149 2792 1089 2895; baseline 0.027 -40"><span class='ocrx_word' id='word_1_218' title='bbox 149 2792 223 2855; x_wconf 84' lang='lat' dir='ltr'>set?</span> <span class='ocrx_word' id='word_1_219' title='bbox 269 2794 384 2856; x_wconf 89' lang='lat' dir='ltr'>Verum</span> <span class='ocrx_word' id='word_1_220' title='bbox 411 2798 441 2859; x_wconf 93' lang='lat' dir='ltr'>id</span> <span class='ocrx_word' id='word_1_221' title='bbox 468 2820 535 2861; x_wconf 91' lang='lat' dir='ltr'>eum</span> <span class='ocrx_word' id='word_1_222' title='bbox 562 2804 680 2866; x_wconf 89' lang='lat' dir='ltr'>minime</span> <span class='ocrx_word' id='word_1_223' title='bbox 706 2809 857 2869; x_wconf 87' lang='lat' dir='ltr'>decebat:</span> <span class='ocrx_word' id='word_1_224' title='bbox 888 2813 1017 2895; x_wconf 90' lang='lat' dir='ltr'>ideoque</span> <span class='ocrx_word' id='word_1_225' title='bbox 1041 2819 1089 2881; x_wconf 88' lang='lat' dir='ltr'>sic</span> 
     </span>
     <span class='ocr_line' id='line_1_31' title="bbox 149 2876 1126 2963; baseline 0.023 -26"><span class='ocrx_word' id='word_1_226' title='bbox 149 2876 219 2957; x_wconf 89' lang='lat' dir='ltr'>egit,</span> <span class='ocrx_word' id='word_1_227' title='bbox 237 2878 333 2961; x_wconf 90' lang='lat' dir='ltr'>utqui</span> <span class='ocrx_word' id='word_1_228' title='bbox 352 2900 480 2961; x_wconf 87' lang='lat' dir='ltr'>poenam</span> <span class='ocrx_word' id='word_1_229' title='bbox 499 2904 581 2945; x_wconf 84' lang='lat' dir='ltr'>suam</span> <span class='ocrx_word' id='word_1_230' title='bbox 602 2883 762 2951; x_wconf 88' lang='lat' dir='ltr'>bonoribus</span> <span class='ocrx_word' id='word_1_231' title='bbox 780 2894 902 2956; x_wconf 88' lang='lat' dir='ltr'>summis</span> <span class='ocrx_word' id='word_1_232' title='bbox 923 2912 1004 2960; x_wconf 87' lang='lat' dir='ltr'>esset</span> <span class='ocrx_word' id='word_1_233' title='bbox 1019 2920 1087 2963; x_wconf 87' lang='lat' dir='ltr'>aes·</span> <span class='ocrx_word' id='word_1_234' title='bbox 1098 2916 1126 2959; x_wconf 80' lang='lat' dir='ltr'>vv</span> 
     </span>
     <span class='ocr_line' id='line_1_32' title="bbox 148 2960 1087 3067; baseline 0.029 -45"><span class='ocrx_word' id='word_1_235' title='bbox 148 2960 310 3027; x_wconf 83' lang='lat' dir='ltr'>timeturus.</span> <span class='ocrx_word' id='word_1_236' title='bbox 359 2963 465 3029; x_wconf 82' lang='lat' dir='ltr'>Maluit</span> <span class='ocrx_word' id='word_1_237' title='bbox 480 2968 559 3031; x_wconf 89' lang='lat' dir='ltr'>enim</span> <span class='ocrx_word' id='word_1_238' title='bbox 575 2969 619 3031; x_wconf 91' lang='lat' dir='ltr'>vir</span> <span class='ocrx_word' id='word_1_239' title='bbox 634 2973 877 3056; x_wconf 90' lang='lat' dir='ltr'>sapientissimus,</span> <span class='ocrx_word' id='word_1_240' title='bbox 894 2982 974 3062; x_wconf 88' lang='lat' dir='ltr'>quod</span> <span class='ocrx_word' id='word_1_241' title='bbox 996 3005 1087 3067; x_wconf 91' lang='lat' dir='ltr'>supe·</span> 
     </span>
     <span class='ocr_line' id='line_1_33' title="bbox 148 3050 1086 3145; baseline 0.028 -37"><span class='ocrx_word' id='word_1_242' title='bbox 148 3062 244 3111; x_wconf 88' lang='lat' dir='ltr'>resset</span> <span class='ocrx_word' id='word_1_243' title='bbox 259 3070 298 3112; x_wconf 86' lang='lat' dir='ltr'>ex</span> <span class='ocrx_word' id='word_1_244' title='bbox 313 3050 383 3128; x_wconf 86' lang='lat' dir='ltr'>vita,</span> <span class='ocrx_word' id='word_1_245' title='bbox 402 3052 457 3115; x_wconf 90' lang='lat' dir='ltr'>sibi</span> <span class='ocrx_word' id='word_1_246' title='bbox 473 3054 581 3137; x_wconf 85' lang='lat' dir='ltr'>perire,</span> <span class='ocrx_word' id='word_1_247' title='bbox 598 3076 686 3138; x_wconf 90' lang='lat' dir='ltr'>quam</span> <span class='ocrx_word' id='word_1_248' title='bbox 703 3062 783 3139; x_wconf 91' lang='lat' dir='ltr'>quod</span> <span class='ocrx_word' id='word_1_249' title='bbox 798 3060 996 3145; x_wconf 88' lang='lat' dir='ltr'>praeterisset.</span> <span class='ocrx_word' id='word_1_250' title='bbox 1043 3070 1086 3135; x_wconf 87' lang='lat' dir='ltr'>Et</span> 
     </span>
     <span class='ocr_line' id='line_1_34' title="bbox 148 3136 1082 3235; baseline 0.029 -41"><span class='ocrx_word' id='word_1_251' title='bbox 148 3136 267 3214; x_wconf 88' lang='lat' dir='ltr'>quando</span> <span class='ocrx_word' id='word_1_252' title='bbox 283 3136 319 3199; x_wconf 91' lang='lat' dir='ltr'>ab</span> <span class='ocrx_word' id='word_1_253' title='bbox 336 3136 500 3201; x_wconf 87' lang='lat' dir='ltr'>bominibus</span> <span class='ocrx_word' id='word_1_254' title='bbox 517 3140 561 3202; x_wconf 91' lang='lat' dir='ltr'>sui</span> <span class='ocrx_word' id='word_1_255' title='bbox 577 3142 720 3223; x_wconf 89' lang='lat' dir='ltr'>temporis</span> <span class='ocrx_word' id='word_1_256' title='bbox 740 3167 840 3227; x_wconf 89' lang='lat' dir='ltr'>parum</span> <span class='ocrx_word' id='word_1_257' title='bbox 857 3150 1082 3235; x_wconf 78' lang='lat' dir='ltr'>intelligebatur,</span> 
     </span>
     <span class='ocr_line' id='line_1_35' title="bbox 147 3222 1085 3325; baseline 0.03 -49"><span class='ocrx_word' id='word_1_258' title='bbox 147 3232 335 3297; x_wconf 89' lang='lat' dir='ltr'>posterorum</span> <span class='ocrx_word' id='word_1_259' title='bbox 351 3245 385 3285; x_wconf 90' lang='lat' dir='ltr'>se</span> <span class='ocrx_word' id='word_1_260' title='bbox 400 3222 521 3305; x_wconf 85' lang='lat' dir='ltr'>judiciis</span> <span class='ocrx_word' id='word_1_261' title='bbox 537 3227 710 3306; x_wconf 89' lang='lat' dir='ltr'>reservavit,</span> <span class='ocrx_word' id='word_1_262' title='bbox 729 3230 810 3294; x_wconf 89' lang='lat' dir='ltr'>brevi</span> <span class='ocrx_word' id='word_1_263' title='bbox 827 3234 1003 3301; x_wconf 87' lang='lat' dir='ltr'>detrimento</span> <span class='ocrx_word' id='word_1_264' title='bbox 1020 3240 1085 3325; x_wconf 89' lang='lat' dir='ltr'>jam</span> 
     </span>
     <span class='ocr_line' id='line_1_36' title="bbox 147 3298 1213 3389; baseline 0.033 -31"><span class='ocrx_word' id='word_1_265' title='bbox 147 3298 265 3361; x_wconf 86' lang='lat' dir='ltr'>ultimae</span> <span class='ocrx_word' id='word_1_266' title='bbox 281 3308 441 3373; x_wconf 85' lang='lat' dir='ltr'>senectutis</span> <span class='ocrx_word' id='word_1_267' title='bbox 462 3330 568 3371; x_wconf 90' lang='lat' dir='ltr'>aevum</span> <span class='ocrx_word' id='word_1_268' title='bbox 588 3314 775 3377; x_wconf 86' lang='lat' dir='ltr'>saeculorum</span> <span class='ocrx_word' id='word_1_269' title='bbox 792 3320 922 3383; x_wconf 88' lang='lat' dir='ltr'>omnium</span> <span class='ocrx_word' id='word_1_270' title='bbox 937 3340 1123 3389; x_wconf 68' lang='lat' dir='ltr'>commen-³⁵</span> <span class='ocrx_word' id='word_1_271' title='bbox 1211 3341 1213 3345; x_wconf 81' lang='grc'><strong>’</strong></span> 
     </span>
    </p>
   </div>
   <div class='ocr_carea' id='block_1_3' title="bbox 147 3384 1083 3662">
    <p class='ocr_par' dir='ltr' id='par_1_5' title="bbox 147 3384 1083 3662">
     <span class='ocr_line' id='line_1_37' title="bbox 147 3384 1081 3493; baseline 0.031 -48"><span class='ocrx_word' id='word_1_272' title='bbox 147 3396 204 3447; x_wconf 88' lang='lat' dir='ltr'>tus.</span> <span class='ocrx_word' id='word_1_273' title='bbox 226 3469 232 3481; x_wconf 33' lang='grc' dir='ltr'>ι</span> <span class='ocrx_word' id='word_1_274' title='bbox 254 3384 357 3483; x_wconf 74' lang='lat' dir='ltr'>Itaque</span> <span class='ocrx_word' id='word_1_275' title='bbox 373 3392 508 3471; x_wconf 86' lang='lat' dir='ltr'>quamvis</span> <span class='ocrx_word' id='word_1_276' title='bbox 525 3394 647 3478; x_wconf 88' lang='lat' dir='ltr'>Lysias,</span> <span class='ocrx_word' id='word_1_277' title='bbox 665 3400 792 3481; x_wconf 91' lang='lat' dir='ltr'>quitum</span> <span class='ocrx_word' id='word_1_278' title='bbox 810 3403 838 3464; x_wconf 91' lang='lat' dir='ltr'>in</span> <span class='ocrx_word' id='word_1_279' title='bbox 854 3406 982 3470; x_wconf 92' lang='lat' dir='ltr'>dicendo</span> <span class='ocrx_word' id='word_1_280' title='bbox 998 3432 1081 3493; x_wconf 89' lang='lat' dir='ltr'>prae·</span> 
     </span>
     <span class='ocr_line' id='line_1_38' title="bbox 147 3474 1082 3574; baseline 0.03 -43"><span class='ocrx_word' id='word_1_281' title='bbox 147 3481 341 3535; x_wconf 85' lang='lat' dir='ltr'>stantrssrmus</span> <span class='ocrx_word' id='word_1_282' title='bbox 359 3474 533 3555; x_wconf 86' lang='lat' dir='ltr'>habebatur,</span> <span class='ocrx_word' id='word_1_283' title='bbox 551 3480 757 3547; x_wconf 85' lang='lat' dir='ltr'>defensionem</span> <span class='ocrx_word' id='word_1_284' title='bbox 777 3487 817 3547; x_wconf 92' lang='lat' dir='ltr'>illi</span> <span class='ocrx_word' id='word_1_285' title='bbox 838 3491 977 3574; x_wconf 88' lang='lat' dir='ltr'>scriptam</span> <span class='ocrx_word' id='word_1_286' title='bbox 997 3495 1082 3559; x_wconf 90' lang='lat' dir='ltr'>obtu-</span> 
     </span>
     <span class='ocr_line' id='line_1_39' title="bbox 147 3553 1083 3662; baseline 0.032 -46"><span class='ocrx_word' id='word_1_287' title='bbox 147 3553 240 3633; x_wconf 89' lang='lat' dir='ltr'>lisset,</span> <span class='ocrx_word' id='word_1_288' title='bbox 258 3556 299 3620; x_wconf 89' lang='lat' dir='ltr'>uti</span> <span class='ocrx_word' id='word_1_289' title='bbox 325 3580 360 3621; x_wconf 92' lang='lat' dir='ltr'>ea</span> <span class='ocrx_word' id='word_1_290' title='bbox 386 3561 502 3627; x_wconf 87' lang='lat' dir='ltr'>noluit:</span> <span class='ocrx_word' id='word_1_291' title='bbox 526 3586 595 3629; x_wconf 90' lang='lat' dir='ltr'>cum</span> <span class='ocrx_word' id='word_1_292' title='bbox 619 3568 727 3635; x_wconf 87' lang='lat' dir='ltr'>bonam</span> <span class='ocrx_word' id='word_1_293' title='bbox 749 3572 882 3655; x_wconf 76' lang='lat' dir='ltr'>quidem,</span> <span class='ocrx_word' id='word_1_294' title='bbox 901 3578 955 3639; x_wconf 91' lang='lat' dir='ltr'>sed</span> <span class='ocrx_word' id='word_1_295' title='bbox 978 3601 1083 3662; x_wconf 88' lang='lat' dir='ltr'>parurn</span> 
     </span>
    </p>
   </div>
   <div class='ocr_carea' id='block_1_4' title="bbox 0 0 1234 4200">
    <p class='ocr_par' dir='ltr' id='par_1_6' title="bbox 0 0 1234 4200">
     <span class='ocr_line' id='line_1_40' title="bbox 0 0 1234 4200; baseline 0 4"><span class='ocrx_word' id='word_1_296' title='bbox 0 0 1234 4200; x_wconf 95' lang='lat' dir='ltr'> </span> 
     </span>
    </p>
   </div>
  </div>
 </body>
</html>
