2459 4200
157 261 199 324 ld
447 271 484 318 tr.
504 270 599 316 rarrr
618 266 841 323 cucurrerant

157 426 285 511 muplex
294 420 426 486 maxime
435 420 568 487 videtur:
585 441 676 504 quom
689 420 719 482 in
733 418 823 483 rebua
831 415 1007 482 autmalibua
1021 413 1101 480 aliud

157 533 212 596 pro
226 511 285 574 elio
301 509 419 594 ponitur
435 529 444 585 ;
467 523 499 571 ut
513 508 552 571 de
567 507 723 590 agitatore,

322 641 387 650 —
396 611 544 678 gubernator
556 625 644 675 magua
654 606 771 658 contorsit
782 621 875 671 equum
886 605 928 655 vi:

156 711 198 775 et,
215 712 247 761 ut
262 696 380 775 Livius,
395 695 571 780 Scipionem
587 715 605 756 a
619 693 738 756 Catone
753 691 898 754 allatrari
912 689 1043 766 solitum,
1054 709 1102 750 ro·

156 782 224 847 lert.
272 781 408 846 Inanima
430 802 484 865 pro
503 781 567 844 aliis
584 778 701 862 generis
716 776 852 862 ejusdem
874 789 1038 852 sumuntur,
1056 788 1122 850 ut,o

162 868 321 951 Glaeriqae
343 868 477 930 immittit
495 865 651 928 balaenae:
673 877 723 926 aot
746 883 801 946 pro
815 863 905 927 rebus
927 859 1103 924 animalibus

159 975 295 1032 rnanrma,

323 1057 409 1114 Ferro,
423 1071 471 1105 non
483 1054 544 1113 sato,
557 1067 656 1102 moerus
667 1051 787 1118 Argivum
798 1049 886 1100 occidit
898 1063 905 1096 ε

158 1155 207 1204 aut
222 1155 337 1218 contra,

325 1273 390 1284 —-
404 1245 473 1293 aedat
485 1243 576 1292 inscias
588 1243 638 1292 alto
1110 1245 1135 1288 10

324 1311 455 1377 Accipiam
467 1311 573 1360 sonitum
586 1309 640 1359 saxi
649 1306 786 1358 de‘vertiee
797 1313 886 1371 prator.

161 1396 390 1479 Praecipueque
413 1387 452 1458 ea
475 1395 520 1457 his
543 1395 636 1457 oritur
657 1391 833 1466 sublimitas,
850 1410 928 1472 quae
950 1387 1104 1452 audacior

157 1480 295 1562 proxime
321 1479 485 1562 perieulum
515 1477 706 1541 translatione
736 1475 887 1550 tolluntur,
912 1496 983 1536 curn
1012 1475 1102 1538 rebus

159 1585 249 1628 sensu
273 1562 442 1625 carentibus
466 1579 566 1627 actum
592 1561 742 1644 quendem
772 1574 803 1623 et
832 1559 947 1623 animos
975 1559 1078 1623 demus
1091 1579 1102 1636 ;
1130 1625 1134 1628 ,
1223 1566 1224 1601 l

158 1648 252 1732 qualis
268 1662 325 1725 cst,
1111 1686 1139 1728 ,5

324 1751 427 1800 Pontem
440 1748 576 1814 indignatus
588 1748 691 1797 Araxen.
865 1767 869 1794 ι
1091 1758 1095 1762 “

158 1835 201 1898 Εῑ
226 1836 273 1900 illa
295 1835 466 1914 Ciceronis,
497 1835 582 1911 Quid
609 1836 689 1897 eaiar
716 1844 784 1896 luae
805 1833 870 1911 ille,
895 1832 1026 1910 Tubero,
1052 1833 1102 1895 de-

158 1922 335 1984 arietaria
360 1923 425 1983 acie
452 1921 636 1983 Pharsalica
656 1920 784 2002 gladius
808 1917 947 2001 agebat?
1003 1918 1103 2003 Cujus

159 2007 237 2066 lalus
251 2005 303 2066 ille
319 2026 422 2067 macro
435 2006 552 2086 petebat
567 2005 583 2067 ἲ)
606 2007 659 2089 qai
674 2025 775 2066 sensus
789 2013 854 2064 erat
868 2023 1020 2065 armorum
1037 2014 1103 2065 tao-

159 2089 255 2153 ruat?l
300 2088 482 2174 Duplicatur
504 2090 621 2153 interim
636 2091 712 2153 haec
728 2090 819 2153 virtus
835 2090 914 2174 apud
929 2087 1100 2171 Virgilium,
1110 2112 1141 2153 aa

326 2229 390 2239 -—
402 2202 554 2266 Ferrumque
566 2216 660 2249 armare
674 2216 779 2249 veneno.

160 2294 240 2359 Nam
256 2309 286 2357 et
297 2314 407 2357 aeaeae
420 2313 550 2371 armare,
565 2307 595 2356 et
603 2290 725 2375 serram
738 2311 870 2368 armare,
881 2290 1031 2353 translatio
1043 2305 1099 2355 est·

205 2381 355 2447 Secuntur
377 2380 452 2443 haec
469 2378 497 2441 in
512 2380 634 2463 plures:
658 2392 689 2441 ut
704 2376 869 2441 orationali
885 2377 924 2439 ad
945 2376 1099 2459 rationale,

159 2485 190 2529 et
212 2467 291 2529 idern
308 2465 346 2526 de
370 2464 607 2527 irrationalibus:
632 2477 663 2524 et
684 2464 759 2523 haec
783 2462 924 2537 invicem,
941 2462 1047 2544 quibus
1062 2460 1102 2525 si·

160 2550 236 2613 milis
258 2548 334 2610 ratio
357 2561 412 2621 est,
431 2561 461 2607 et
477 2568 493 2607 a
509 2560 583 2620 toto,
601 2559 663 2607 eta
681 2544 822 2628 partibus.
872 2545 937 2610 Sed
955 2546 1020 2631 jam
1042 2561 1140 2609 nonas

160 2632 258 2715 pueris
276 2630 485 2713 praecipimus,
504 2644 546 2707 ut,
564 2645 694 2712 accepto
714 2650 836 2711 genere,
855 2631 974 2714 species
997 2632 1102 2696 intelli·

160 2736 230 2799 gere
245 2736 304 2775 non
320 2714 444 2796 possint.
1074 2729 1078 2735 '

205 2799 251 2863 Ut
273 2797 409 2860 modicus
433 2813 530 2860 autern
547 2810 635 2879 atque
651 2813 834 2880 opportunus
849 2799 914 2881 ejus
933 2822 1003 2863 usus
1022 2801 1105 2864 illus·

160 2900 215 2948 trat
244 2883 430 2947 orationem:
463 2882 504 2945 ita
530 2880 672 2964 frequens
702 2896 732 2943 et
757 2882 910 2959 obscurat,
942 2900 973 2945 et
1002 2886 1106 2949 taedio

160 2971 316 3054 complet:
341 2968 499 3032 continuus
518 2988 588 3031 vero
611 2967 642 3029 in
664 2967 848 3048 allegoriam
873 2981 904 3030 et
927 2968 1142 3049 aenigmatum

160 3058 233 3122 exit.
284 3054 362 3121 Sunt
378 3054 465 3119 etiam
482 3053 629 3138 quaedam
645 3067 676 3115 et
692 3052 818 3115 humiles
838 3052 1055 3132 translationes,
1072 3068 1105 3119 ut

161 3144 202 3219 id,
219 3144 257 3205 de
272 3165 332 3226 quo
350 3143 442 3205 modo
458 3140 532 3218 dixi,
555 3140 655 3200 Scaea
677 3148 719 3199 eal
739 3159 877 3216 verruca,
895 3154 926 3202 et
940 3140 1102 3203 sordidae:

159 3248 218 3287 aon
240 3228 329 3301 enirn,
350 3227 375 3288 si
391 3227 505 3288 Cicero
529 3238 612 3287 recte
636 3224 785 3287 reatinam
810 3225 995 3307 reipublicae
1014 3226 1100 3302 dixit,

160 3307 333 3371 foeditatem
361 3310 511 3370 hominum
537 3309 717 3389 significans,
745 3310 859 3373 iccirco
881 3312 1007 3392 probem
1032 3311 1103 3373 illud

160 3414 278 3543 {qaoque
291 3392 400 3455 veteris
413 3393 550 3468 oratoris,
563 3395 746 3457 Pereecaieli
761 3396 944 3475 reipublicae
959 3397 1100 3457 vomicae.
1108 3414 1141 3457 ae

193 3478 343 3563 ptimcque
358 3475 472 3539 Cicero
493 3478 677 3542 demonstrat
696 3480 875 3557 cavendum,
893 3502 931 3543 ne
950 3481 988 3543 sit
1003 3480 1102 3543 desor-

160 3566 216 3631 mis
229 3561 397 3627 translatio:
421 3562 515 3645 qualis
531 3577 576 3626 est
592 3564 675 3645 (narn
690 3564 762 3648 ipsis
778 3562 841 3648 ejus
858 3578 922 3629 uter
936 3566 1098 3654 exemplis)
