2459 4200
348 288 501 341 senuero
518 288 669 343 cerensis
686 292 822 341 orriri.
1011 282 1070 343 tel

454 634 594 694 CAPUT
612 636 746 701 XXVII.

282 802 297 887 Ἰ
431 816 768 859 nnrnorrorromrronn.

172 952 443 1022 Prouurcurro
469 975 486 1021 e
509 954 661 1041 plerisque
680 958 760 1021 ostio
780 956 898 1036 dicitur,
915 960 971 1022 sod
1012 960 1076 1023 rius

126 1059 238 1107 nomen
253 1059 272 1103 e
286 1059 377 1117 voce,
389 1060 515 1123 sequens
530 1062 547 1105 a
562 1056 647 1125 gesto
663 1042 780 1105 videtur
795 1043 946 1128 accipere.
1009 1066 1076 1107 ern·

127 1145 187 1208 que
210 1122 360 1188 actionem
380 1121 493 1189 Cicero
518 1126 590 1191 alies
609 1128 697 1209 quusi
722 1148 897 1206 sermonem,
913 1129 985 1192 alins
1011 1131 1071 1191 elo·

127 1208 282 1293 quartam
301 1208 454 1292 quandum
479 1212 614 1292 corporis
637 1211 720 1275 dicit.
766 1211 855 1275 Idem
878 1228 976 1275 tamen
999 1214 1077 1276 dues

105 1293 194 1378 ⁵ejus
209 1307 310 1377 pentes
326 1292 409 1372 iecit,
426 1310 584 1376 quaesunt
600 1296 726 1359 eaedem
741 1297 1006 1380 pronunciationis,
1022 1316 1072 1358 vo·

128 1400 193 1447 com
218 1393 307 1462 etque
333 1388 455 1447 motum.
503 1380 699 1465 Quapropter
725 1395 847 1465 utruque
874 1380 1077 1466 appellatione

127 1463 331 1533 indifferenter
346 1464 386 1532 uti
402 1464 483 1531 licet.
801 1471 804 1476 ’

172 1548 279 1619 Habet
293 1564 392 1617 sutem
411 1572 459 1615 res
478 1550 543 1635 ipsu
562 1550 666 1616 miram
681 1552 831 1636 quendem
845 1551 875 1615 in
889 1552 1078 1617 omtionibos

126 1634 191 1703 vim
205 1656 241 1703 eo
256 1648 460 1719 potestatem
482 1658 579 1720 neque
599 1652 659 1701 tem
673 1635 775 1725 refert,
792 1636 889 1720 qualia
907 1640 977 1716 sint,
994 1660 1078 1723 quae

93 1719 203 1789 ninus
219 1735 336 1787 nosmet
357 1719 437 1803 ipsos
453 1722 690 1805 composuimus,
706 1744 794 1805 quam
810 1744 870 1804 quo
889 1724 982 1785 modo
997 1722 1070 1783 effe·

128 1820 228 1874 rantur
243 1827 251 1867 t
275 1826 342 1870 nem
357 1805 398 1872 ite
413 1806 549 1889 quisque,
562 1820 593 1872 ut
607 1807 699 1882 cudit,
712 1820 859 1873 movetur.
899 1806 1005 1877 Quare
1018 1826 1077 1867 ne·-

127 1912 188 1974 quo
227 1890 341 1957 robutio
365 1890 435 1967 ulle,
453 1912 529 1973 ques
551 1890 650 1974 aliquo
673 1890 765 1953 modo
780 1888 861 1952 venit
884 1890 923 1952 ab
937 1904 1070 1968 errrore,

127 1988 192 2044 tam.
271 1990 363 2053 eost,
382 1990 413 2041 ut
432 1996 491 2041 nou
511 1976 619 2060 perdat
637 1975 715 2041 vires
738 1996 819 2054 sues,
836 1973 893 2039 uisi
914 1972 1079 2060 adjuvetur

127 2062 349 2132 asseveratione
366 2061 503 2130 dicentis.
551 2060 693 2128 Affectus
713 2061 811 2130 omnis
832 2061 1004 2148 languescat
1018 2083 1076 2126 ne·-

94 2169 217 2218 rodesto
232 2162 290 2226 ert,
306 2148 362 2216 nisi
376 2169 457 2225 root,
472 2150 569 2224 etrite,
587 2149 677 2214 totins
691 2169 788 2231 prope
802 2148 909 2211 dedito
923 2149 1075 2228 corporis,

129 2233 306 2300 inardescat.
354 2232 433 2298 Nem
460 2255 529 2298 cum
556 2234 631 2294 haec
658 2232 756 2294 omnia
779 2230 950 2307 fecerimus,
966 2230 1075 2292 felices

127 2331 239 2398 minen,
256 2319 281 2388 ti
303 2332 435 2392 nostrum
458 2317 538 2380 illum
562 2316 660 2398 ignem
678 2314 780 2398 judex·
797 2314 995 2396 conceperit:
1019 2335 1076 2375 ne·

73 2445 80 2458 ·
128 2403 283 2474 demeum
299 2403 394 2488 supini
415 2401 572 2484 securique
592 2420 780 2472 moveamus,
796 2419 832 2460 nc
847 2419 906 2459 non
922 2398 987 2482 ipse
1002 2419 1073 2460 nos*

127 2504 173 2558 tm
187 2489 364 2557 oscitatione
380 2485 519 2554 solvatur,

93 2571 120 2638 'ro
171 2574 369 2643 Documento
392 2585 459 2638 sunt
477 2571 526 2636 vel
549 2569 661 2636 scenici
685 2582 816 2645 setores,
833 2566 883 2666 qui
902 2582 931 2631 et
951 2567 1076 2652 optimis

28 2705 34 2714 -
125 2664 287 2745 poe'terum
302 2672 412 2723 tentum
429 2655 572 2741 adjiciunt
586 2656 708 2739 gratiae,
726 2669 758 2718 ut
772 2676 827 2718 nos
844 2653 955 2718 infinito
978 2653 1077 2738 magis

125 2743 237 2810 eedem
259 2741 308 2808 ille
330 2742 440 2820 audita,
457 2764 545 2827 quam
568 2743 659 2821 lectu,
676 2741 850 2818 delectent;
873 2755 904 2805 et
921 2740 1078 2811 vilissimis

127 2829 219 2896 otium
233 2827 410 2976 puibusdnrn
432 2829 590 2915 impetrent
612 2851 711 2905 aures,
728 2842 771 2906 ut,
787 2827 894 2912 quibus
914 2827 1009 2891 nullus
1025 2840 1077 2890 ost
1129 2893 1135 2904 ,

124 2915 158 2982 in
186 2913 238 2978 bib
250 2914 376 2979 rothocis
405 2916 502 2993 locus,
528 2915 565 2980 sit
595 2916 684 2980 etism
707 2911 846 2994 frequens
875 2913 906 2974 in
934 2912 1068 2974 theatris.

93 2998 250 3071 ssQuodsi
266 3000 296 3066 in
311 3001 410 3075 rebus,
428 3021 500 3082 ques
517 3000 601 3062 fictas
620 3019 689 3060 esso
710 2996 822 3057 scimus
838 3008 868 3054 et
882 2995 996 3067 inanes,
1007 3007 1070 3054 tan·

128 3099 191 3152 torn
217 3083 423 3165 pronunciatio
445 3095 556 3164 potest,
573 3095 605 3141 ut
627 3080 714 3153 irum,
730 3075 878 3151 lacrimas,
895 3073 1075 3136 sollicitudi-

126 3187 198 3236 nem
214 3165 330 3243 efferet,
348 3179 457 3250 quanto
476 3165 542 3248 plus
558 3163 657 3226 velent
676 3181 804 3228 necesse
819 3173 877 3236 est,
893 3157 943 3220 ubi
958 3171 989 3222 et
1004 3179 1076 3221 cre·-
1147 3199 1162 3235 ς

128 3255 225 3322 dimus
242 3247 270 3315 ix
298 3249 449 3334 Equidem
465 3249 513 3314 rel
529 3247 714 3312 mediocrem
729 3243 905 3324 orationem,
916 3265 1076 3309 commen*

127 3340 229 3410 detaut
243 3336 354 3404 viribus
370 3334 507 3413 actionis,
519 3330 725 3400 affirmaverim
743 3331 807 3416 plus
823 3330 987 3396 hrhiturem
1002 3354 1077 3398 esso

95 3422 283 3500 surrenti,
296 3443 386 3508 quam
401 3421 545 3506 optimum
560 3420 668 3484 erdem
683 3418 731 3482 ille
746 3417 927 3490 destitutam.
969 3417 1076 3502 Siqui-

130 3510 199 3584 dem
220 3523 250 3577 et
271 3507 509 3584 Demosthenes,
527 3505 598 3590 quid
618 3518 700 3569 esset
719 3505 749 3568 in
764 3518 827 3569 toto
843 3504 962 3570 dicendi
977 3523 1078 3586 opere

129 3595 269 3680 primum,
286 3595 493 3678 interrogatus,
512 3589 746 3678 pronunciationi
768 3591 897 3677 palmam
917 3586 1010 3664 dedit,
1027 3585 1077 3648 eir
