2459 4200
346 316 499 363 suarem
517 316 666 371 euenire
682 320 820 365 cartre.
1002 304 1071 367 223

125 466 247 552 quidem
273 488 342 532 reos
368 466 507 552 prolecto
529 490 616 553 quam
638 469 740 535 lacere
761 472 807 535 vir
831 470 927 535 boum
952 470 1067 535 malet:
1168 532 1173 545 ,

124 574 185 615 uon
201 568 300 616 tameo
316 554 355 617 ita
371 574 479 617 nomen
495 555 591 639 ipsum
607 558 790 621 accusatoris
805 557 948 634 horrebit,
959 572 992 619 ut
1005 556 1069 619 uul-

124 638 268 723 luneque
284 640 404 723 publico
421 661 518 724 neque
533 641 649 723 privato
660 644 730 706 duci
745 643 840 727 possit
850 641 964 719 officio,
975 657 1007 705 ut
1018 641 1070 705 ali·

125 744 216 807 quem
232 726 269 787 ad
286 726 468 789 reddendam
485 726 629 789 rationem
645 728 722 791 vitae
738 742 837 790 vocet.
884 726 964 789 Nam
980 742 1012 789 et
1025 727 1069 789 le·

105 829 178 893 rges
192 810 274 894 ipsae
290 810 360 873 nihil
373 812 500 888 valeant,
511 811 566 875 nisi
582 814 692 876 actoris
705 814 812 876 idonea
823 833 900 875 voce
916 811 1046 875 munitae
1060 832 1068 872 ι

127 909 158 957 et
173 895 198 957 si
218 917 330 979 poenas
354 895 500 960 scelerum
522 912 666 980 expetere
681 898 726 961 sas
746 912 881 974 nonest,
900 918 993 982 prope
1009 910 1068 974 est,

126 994 159 1043 ut
174 981 290 1043 scelera
311 981 375 1065 ipsa
397 983 541 1065 permissa
564 983 647 1045 sint:
671 999 701 1047 et
723 984 870 1045 licentiam
893 982 977 1045 malis
993 982 1068 1060 dari,

127 1078 210 1129 certe
227 1083 330 1129 contra
346 1068 441 1130 bonos
458 1082 513 1131 est.
561 1067 667 1139 Quare
681 1092 778 1153 neque
797 1069 948 1131 sociorum
962 1089 1069 1151 quere·

126 1151 183 1229 las,
200 1173 257 1214 uec
280 1152 369 1215 amici
392 1153 441 1214 vel
465 1154 623 1236 propinqui
644 1177 764 1231 necem,
782 1176 839 1217 uec
862 1169 1017 1236 erupturas
1040 1153 1071 1215 iu

96 1252 121 1293 ιο
127 1237 341 1320 rempublicam
355 1238 589 1321 conspirationes
606 1239 711 1302 inultas
726 1239 854 1321 patietur
866 1253 987 1300 orator:
1011 1258 1070 1299 non

127 1344 246 1406 poenae
266 1322 436 1386 nocentium
453 1324 591 1405 cupidus,
610 1325 664 1386 sed
685 1323 862 1387 emendandi
877 1323 960 1399 vitia,
977 1321 1069 1383 corri-

127 1408 275 1491 gendique
292 1430 400 1471 mores.
448 1408 592 1492 Numqui
613 1409 727 1472 ratione
749 1408 864 1471 traduci
886 1409 923 1471 ad
947 1407 1070 1470 meliora

127 1515 187 1555 non
204 1508 338 1576 possunt,
356 1494 421 1556 solo
436 1509 516 1556 metu
532 1494 729 1558 continentur.
778 1494 884 1576 ltaque
899 1508 932 1555 ut
946 1514 1070 1556 accusa·

127 1579 236 1641 toriam
248 1579 337 1641 vitam
350 1579 451 1641 vivere
467 1595 496 1642 et
512 1580 549 1642 ad
562 1578 741 1643 deferendos
757 1602 825 1642 reos
841 1577 974 1663 praemio
986 1578 1069 1657 duci,

95 1664 299 1747 reproximum'
313 1664 468 1727 latrocinio
484 1680 530 1728 est
544 1686 551 1726 ε
576 1665 615 1729 ita
631 1682 748 1749 pestem
766 1666 934 1729 intestinam
949 1665 1070 1747 propul-

128 1770 207 1825 sare,
225 1771 294 1812 cum
310 1751 576 1833 propugnatoribus
593 1752 705 1833 patriae
721 1751 965 1832 comparandum.

172 1833 309 1919 Ideoque
330 1836 480 1917 principes
504 1836 532 1896 in
555 1834 708 1917 republica
730 1834 784 1895 viri
806 1855 867 1895 non
881 1834 1069 1895 detrectave-

127 1934 194 1983 ruut
206 1921 285 1983 -hanc
301 1920 392 1983 officii
409 1934 522 2003 purtem
539 1941 546 1979 :
570 1919 735 2003 creditique
752 1933 818 1981 sunt
833 1918 923 1981 etiam
937 1916 1008 1979 clari
1019 1915 1068 2000 ju·

128 2026 221 2068 renes
242 2006 379 2068 obsidem
399 2005 582 2089 reipublicae
597 2005 669 2067 dare
690 2003 832 2067 malorum
848 2004 957 2067 civium
978 2024 1069 2067 accu-

95 2092 286 2170 rrsationem,
297 2092 363 2176 quia
379 2115 435 2156 nec
452 2092 551 2156 odisse
567 2091 731 2176 improbos,
749 2115 805 2156 nec
821 2091 984 2155 simultates
1000 2113 1068 2174 pro·
1123 2088 1127 2093 ’

127 2199 251 2256 vocare,
264 2179 320 2240 nisi
335 2200 375 2240 ex
389 2178 497 2241 fiducia
512 2178 608 2240 bonae
625 2179 731 2241 mentis
747 2179 931 2240 videbantur.
971 2174 1069 2258 quue

129 2285 198 2326 cum
219 2265 256 2326 ab
274 2263 452 2340 Hortensio,
469 2262 618 2338 Lucullis,
639 2263 787 2346 Sulpicio,
805 2262 969 2335 Cicerone,
987 2259 1068 2322 Cae·

128 2369 206 2426 sare,
225 2350 356 2433 plurimis
372 2349 446 2423 aliis,
465 2362 526 2410 tum
542 2348 579 2409 ab
595 2361 720 2429 utroque
736 2347 855 2409 Catone
871 2344 981 2407 lactum
997 2358 1043 2406 est
1059 2365 1067 2405 z

128 2454 253 2516 quorum
276 2436 349 2498 alter
369 2434 531 2518 appellatus
552 2446 598 2496 est
620 2433 751 2531 sapiens,
766 2431 839 2494 alter
861 2429 916 2492 nisi
937 2429 1069 2492 creditur

93 2517 232 2595 assuisse,
245 2521 294 2582 vix
307 2521 384 2595 scio,
397 2519 444 2582 cui
455 2517 605 2601 reliquerit
617 2518 703 2601 hujus
718 2516 845 2580 nominis
860 2516 972 2578 locum.
1004 2512 1068 2576 Ne-

128 2626 186 2686 que
202 2603 343 2667 desendet
358 2625 461 2665 omnes
478 2617 588 2680 orator,
607 2603 746 2685 idemque
765 2616 882 2685 portum
903 2601 986 2663 illum
1005 2600 1068 2662 elo·

127 2689 266 2770 quentiae
279 2709 349 2750 suae
365 2689 521 2750 salutarem
538 2708 595 2750 non
613 2687 701 2750 etiam
717 2687 817 2771 piratis
833 2684 1003 2771 patefaciet,
1015 2685 1068 2750 du·

127 2785 272 2855 ceturque
287 2772 315 2832 in
331 2773 557 2835 advocationem
578 2773 708 2837 maxime
724 2795 824 2837 causa.

171 2856 324 2928 Quoniam
343 2872 441 2921 tamen
462 2881 577 2936 omnes,
595 2859 646 2944 qui
666 2881 727 2923 non
746 2859 882 2944 improbe
901 2858 1066 2942 litigabunt,

95 2965 253 3028 inquorum
270 2959 351 3007 certe
367 2945 445 3006 bona
460 2967 528 3027 pars
544 2961 600 3022 est,
619 2945 764 3008 sustinere
785 2966 845 3006 non
866 2959 966 3024 potest
981 2966 1066 3020 unus,

128 3029 237 3112 aliquid
261 3044 291 3091 et
314 3029 583 3091 commendantium
606 3028 741 3109 personis
758 3027 851 3100 dabit,
868 3040 898 3086 et
920 3026 1066 3106 ipsorum,

127 3114 177 3196 qui
189 3111 305 3195 judicio
322 3113 494 3188 decernent,
513 3127 543 3175 ut
559 3111 663 3194 optimi
679 3109 823 3194 cujusque
839 3109 989 3170 voluntate
1004 3130 1068 3171 mo-

127 3211 252 3260 veatur:
277 3220 404 3281 namque
424 3198 479 3260 hos
495 3211 524 3260 et
546 3196 744 3259 amicissimos
765 3193 886 3257 habebit
900 3194 945 3256 vir
959 3193 1066 3257 bouus.

131 3283 389 3348 Summovendum
409 3306 482 3346 vero
505 3297 551 3346 est
573 3297 728 3366 utrumque
750 3280 876 3343 ambitus
898 3301 1004 3363 genus,
1020 3279 1070 3344 vel

96 3369 298 3452 repetentibus
311 3384 413 3433 contra
430 3368 554 3432 humiles
566 3368 735 3432 venditandi
751 3387 875 3451 operam
890 3388 972 3430 suam
990 3387 997 3441 ;
1021 3365 1069 3429 vel

128 3453 198 3518 illud
215 3455 304 3518 etiam
322 3455 493 3539 jactantius,
512 3454 642 3518 minores
661 3453 761 3537 utique
776 3467 881 3516 contra
897 3453 1068 3535 dignitatem

40 3557 45 3566 “
129 3539 292 3687 αῑῑοὲΙεηάἰ.
340 3540 408 3604 Non
425 3541 502 3604 enim
518 3538 634 3604 fortuna
649 3561 754 3604 causas
769 3540 818 3603 vel
832 3537 930 3624 justas
944 3536 992 3601 vel
1013 3534 1068 3596 im-

128 3645 184 3709 pro
206 3647 238 3692 as
254 3625 349 3692 lacit„
