2459 4200
169 259 232 320 142
456 271 492 314 u.
512 270 607 315 saun
626 269 852 322 onrurrtrana

209 421 280 488 Non
295 435 395 486 tamen
411 421 544 507 protinus
566 421 718 499 audiendi,
735 421 786 507 qui
800 423 937 500 credunt,
955 421 1110 506 aptissima

165 510 196 574 in
210 509 269 572 hoc
285 529 408 572 nemora
424 508 573 592 silvasque
590 529 598 584 ;
622 508 703 591 quod
719 507 767 571 illa
782 507 860 571 coeli
875 507 1006 584 libertas,
1023 508 1110 571 loco·

166 615 231 658 rum
247 593 423 670 amoenitas,
435 593 592 656 sublimem
604 593 746 670 animum,
758 609 789 657 et
800 593 964 657 beatiorem
974 592 1111 676 spiritum

166 693 282 766 parent.
331 677 409 742 Mihi
428 693 511 742 certe
529 678 682 764 jucundus
698 679 747 742 bic
768 701 816 742 ma
837 679 873 755 is,
891 701 981 763 qnam
995 678 1110 742 studio·

167 786 233 828 rum
248 765 393 844 hortator,
404 765 521 828 videtur
536 786 604 827 esse
620 786 770 828 secessus.
805 701 945 849 demque
961 764 1022 841 illa,
1035 783 1133 848 quaes

168 851 234 999 {psa
249 850 410 929 delectant,
427 871 554 914 necesse
570 865 616 913 est
632 864 760 913 avocent
777 850 815 912 ab
831 849 995 913 intentione
1011 848 1110 933 operis

190 935 317 999 estinati.
365 934 474 1020 Neque
495 935 573 998 enim
592 957 626 998 se
645 935 723 998 bona
737 935 796 997 fide
810 935 841 996 in
856 935 947 997 multa
963 933 1053 997 simul
1069 934 1112 996 in·

167 1021 291 1084 tendere
310 1019 424 1084 animus
446 1035 540 1085 totum
563 1033 684 1106 potest:
700 1035 750 1098 et,
767 1041 946 1104 quocunque
962 1018 1111 1103 respexit,

169 1105 278 1170 desinit
292 1106 410 1184 intueri,
426 1107 508 1190 quod
525 1105 710 1192 propositum
728 1121 801 1168 erat.
848 1104 954 1176 Quare
969 1105 1112 1168 silvarum

169 1190 346 1270 amoenitas,
363 1206 393 1255 et
412 1191 659 1276 praeterlabentia
674 1191 806 1269 flumina,
824 1205 853 1254 et
873 1189 1050 1274 inspirantes
1065 1211 1149 1253 πει-ιο

169 1278 225 1342 mis
249 1277 387 1341 arborum
414 1299 515 1357 aurae,
532 1278 748 1360 volucrumque
771 1291 886 1354 cantus,
905 1290 935 1338 et
961 1274 1026 1359 ipsa
1051 1277 1112 1338 late

169 1363 432 1460 circumspiciendi
448 1364 581 1440 libertas,
599 1364 638 1425 ad
658 1385 692 1425 se
707 1364 847 1425 trahunt:
871 1376 903 1424 ut
924 1361 996 1423 mihi
1010 1361 1113 1425 remit·

169 1461 232 1510 tere
248 1461 347 1530 potrus
360 1448 494 1531 voluptas
511 1447 567 1509 ista
578 1447 715 1510 videatur
730 1446 953 1530 cogitationem,
965 1467 1052 1530 qnam
1067 1447 1114 1509 in·

169 1533 302 1595 tendere.
342 1531 568 1594 Demosthenes
584 1532 702 1609 melius,
715 1532 765 1616 qui
781 1554 815 1594 se
831 1532 860 1593 in
875 1532 988 1609 locum,
1000 1553 1039 1594 ex
1050 1553 1114 1616 quc

169 1615 248 1678 nulla
263 1615 398 1678 exaudiri
413 1637 486 1693 vox,
506 1630 536 1677 et
554 1637 670 1698 exque
690 1616 762 1678 nibil
780 1616 913 1701 prospici
932 1631 1048 1700 posset,
1065 1639 1149 1681 re·1s

170 1700 332 1779 condebat,
349 1723 386 1764 ue
402 1701 480 1764 aliud
496 1721 582 1784 agere
599 1715 730 1764 mentem
746 1716 889 1785 cogerent
905 1702 996 1765 oculi.

215 1785 352 1871 Ideoque
367 1786 567 1864 lucubrantes,
580 1785 730 1850 silentium
745 1787 856 1865 noctis,
868 1801 899 1848 et
910 1788 1044 1850 clausum
1060 1808 1114 1850 cn·

171 1873 315 1949 biculum,
336 1886 367 1936 et
388 1873 488 1936 lumen
508 1894 598 1935 unum
619 1872 700 1935 velut
722 1886 820 1937 tectos
846 1873 978 1935 maxime
998 1886 1111 1935 teneat.

174 1955 240 2019 Sed
255 1978 325 2020 curn
344 1956 374 2017 in
393 1957 473 2018 omni
497 1957 662 2020 studiorum
685 1979 805 2040 genere,
823 1972 885 2019 tum
904 1956 935 2020 in
953 1958 1012 2020 boc
1027 1979 1114 2042 prae·

171 2041 261 2123 cipue
283 2040 361 2103 bona
383 2041 538 2119 valetudo,
555 2063 692 2126 quaeque
718 2064 786 2105 eam
812 2041 942 2106 maxime
966 2055 1149 2128 praestat,an

171 2122 333 2209 frugalitas,
350 2126 521 2191 necessaria
540 2141 608 2190 est:
633 2148 703 2190 cum
726 2142 862 2212 tempora
882 2130 919 2191 ab
936 2129 1001 2211 ipsa
1015 2149 1115 2191 rerum

171 2226 275 2275 natura
291 2212 329 2276 ad
344 2210 477 2297 quietem
491 2210 747 2297 refectionemque
762 2213 847 2276 nobis
863 2214 943 2290 data,
961 2214 991 2275 in
1005 2213 1115 2277 acerri-

171 2298 256 2361 mum
276 2297 411 2362 laborem
431 2300 645 2363 convertimus.
691 2297 751 2362 Cui
771 2312 871 2362 tamen
885 2320 945 2361 non
959 2299 1025 2383 plus
1041 2298 1116 2361 irro-

172 2385 301 2531 gqndnm
323 2398 381 2463 est,
398 2406 487 2469 quarn
506 2387 588 2469 quod
611 2406 718 2448 somno
740 2384 897 2469 supererit,
914 2384 991 2447 haud
1007 2383 1114 2446 deerit.

205 2470 284 2532 bstat
313 2470 392 2531 enim
416 2469 582 2551 diligentiae
612 2470 762 2533 scribendi
790 2470 879 2533 etiam
900 2468 1057 2551 fatigatio:
1084 2483 1152 2537 etto

174 2554 304 2630 abunde,
322 2552 346 2614 si
365 2566 465 2630 vacet,
482 2551 557 2615 lucis
580 2554 678 2636 spatia
700 2554 872 2617 sufficiunt:
896 2568 1062 2638 occupatos
1086 2553 1118 2615 in

172 2650 295 2698 noctem
309 2636 475 2699 necessitas
497 2636 565 2718 agit.
613 2636 673 2701 Est
688 2653 786 2700 tamen
800 2638 980 2715 lucubratio,
997 2638 1117 2721 quoties

173 2719 211 2779 ad
240 2740 308 2780 eam
337 2718 442 2803 integri
472 2741 508 2782 ac
534 2720 641 2783 resecti
666 2722 813 2798 venimus,
836 2723 982 2805 optimum
1006 2722 1117 2787 secreti

172 2822 277 2883 genus.

220 2886 284 2951 Sed
302 2885 451 2948 silentium
472 2901 503 2950 et
521 2908 674 2964 secessus,
692 2901 722 2950 et
741 2886 871 2970 undique
891 2887 965 2949 liber
986 2890 1152 2972 animumn

173 2985 205 3035 ut
220 2986 287 3036 sunt
306 2971 436 3036 maxime
454 2974 596 3059 optanda,
613 2973 654 3035 ita
675 2994 734 3035 non
757 2994 877 3057 semper
895 2988 1020 3056 possunt
1041 2998 1118 3041 con·

173 3058 311 3143 tingere:
335 3059 464 3146 ideoque
487 3080 546 3122 non
569 3058 680 3136 statim,
697 3058 808 3144 siquid
827 3058 993 3143 obstrepet,
1011 3061 1117 3148 abjici·

174 3146 243 3208 endi
259 3145 383 3209 codices
400 3160 496 3222 erunt,
510 3159 540 3208 et
556 3145 754 3227 deplorandus
771 3144 835 3207 dies
851 3166 857 3206 :
882 3168 984 3209 verum
999 3145 1116 3211 incom-

174 3230 270 3291 modis
294 3232 529 3313 repugnandum,
548 3244 578 3293 et
599 3230 649 3291 hic
669 3227 823 3293 faciendus
846 3254 929 3309 usus,
946 3246 977 3294 ut
999 3233 1113 3311 omnia,

174 3333 250 3396 quae
267 3314 441 3397 impedient,
458 3316 559 3377 vincat
581 3315 714 3378 intentio.
763 3315 864 3387 Quam
885 3317 911 3380 si
933 3332 994 3379 tota
1015 3333 1153 3382 mentesa

174 3398 302 3481 inopus
326 3398 424 3481 ipsum
448 3400 604 3479 direxeris,
622 3401 693 3463 nibil
716 3423 831 3479 eorum,
848 3424 924 3485 quae
947 3403 1041 3465 oculis
1063 3404 1114 3466 vel

174 3483 291 3548 auribus
307 3484 468 3563 incursant,
487 3487 524 3549 ad
540 3487 669 3549 animum
688 3486 854 3570 perveniet.
903 3486 955 3550 An
969 3509 1042 3550 vero
1057 3486 1115 3551 sre-

175 3585 300 3656 quenter
315 3568 404 3634 etiam
420 3569 539 3635 fortuita
559 3573 618 3635 hoc
640 3571 783 3656 cogitatio
803 3587 945 3654 praestat,
962 3586 994 3636 nt
1009 3573 1114 3636 obvios
