2459 4200
153 277 220 340 tue
443 287 480 330 u.
502 286 596 330 rnstt
614 283 838 338 euturrnmnr
874 301 877 308 -

151 458 182 508 et
196 440 318 505 nimium
338 453 454 502 amator
474 437 581 520 ingenii
603 437 673 501 sui:
696 434 861 499 laudandus
883 442 981 496 tamen
993 431 1095 515 ¹parti·

150 528 213 590 bus.
269 524 433 587 Cornelius
463 539 563 586 autem
597 524 735 598 Seuerus,
764 520 880 584 etiamsi
909 518 1095 582 versificator

149 631 236 696 quarn
258 614 350 694 poeta
370 609 488 685 melior,
505 609 530 672 si
551 623 663 684 tamen,
680 622 713 672 ut
732 622 779 670 est
794 606 920 681 dictum,
937 604 975 668 ud
990 624 1094 666 exem·

148 697 214 781 plur
230 696 315 780 primi
336 695 402 758 libri
422 695 531 758 bellum
549 693 687 758 Siculum
709 691 944 776 persumpsisset,
960 689 1094 752 vindica·

148 795 195 844 ret
210 782 266 844 sibi
279 779 348 865 jure
367 780 532 844 secuudum
552 781 664 843 locum.
714 778 779 844 Sed
802 799 871 838 eum
894 773 1120 838 consummaris

149 887 230 930 mors
246 867 400 930 immatura
416 887 475 928 non
491 887 577 948 passu
593 879 638 928 est
655 887 662 926 :
686 863 810 947 puerilia
824 877 923 924 tamen
941 860 1006 944 ejus
1021 881 1095 943 ope·

149 973 182 1016 m
194 968 225 1015 et
240 952 399 1014 maximam
415 952 546 1014 indolem
562 951 721 1013 ostendunt
736 963 767 1011 et
780 945 996 1022 admirabilem,
1007 966 1096 1028 prae·

149 1037 237 1120 cipue
254 1037 282 1098 in
298 1051 394 1099 aetate
410 1037 470 1113 ille,
488 1036 562 1099 recti
578 1035 694 1118 generis
710 1034 902 1096 voluntatem.

194 1119 324 1184 Multum
340 1122 368 1183 iu
392 1123 512 1184 Valerio
530 1123 643 1184 Flacco
662 1141 757 1202 nuper
778 1117 940 1180 amisimus.
988 1113 1095 1178 Vehe-

150 1229 233 1270 mens
246 1223 276 1269 et
291 1208 446 1290 poeticum
462 1206 609 1289 ingenium
627 1205 724 1266 Saleii
738 1203 831 1265 Bassi
846 1201 912 1277 luit,
921 1222 981 1263 nec
995 1199 1096 1282 ipsum
1105 1220 1133 1262 m

150 1307 304 1356 senectute
321 1307 478 1354 maturum.
514 1292 664 1354 Rabirius
679 1311 715 1352 ae
730 1289 813 1352 Pedo
825 1309 884 1350 non
900 1285 1009 1369 indigni
1021 1307 1094 1370 cog-

150 1377 274 1453 nitione,
292 1378 318 1440 si
347 1392 445 1440 vacet.
494 1377 641 1439 Lucanus
670 1376 789 1449 ardens,
807 1387 837 1436 et
867 1372 1046 1448 concitatus,
1063 1385 1097 1434 et

150 1463 302 1524 sententiis
330 1463 521 1536 clarissimus,
539 1477 580 1537 et,
598 1477 630 1523 ut
652 1461 751 1522 dicam
774 1458 854 1542 quod
876 1457 984 1535 sentin,
1002 1457 1096 1540 magis
1162 1480 1166 1486 ’

150 1546 316 1608 oratoribus
332 1565 420 1626 quam
437 1546 535 1628 potitis
552 1545 798 1606 annumerandus.

194 1627 264 1691 Hos
287 1629 514 1703 nominarim,
533 1631 601 1712 quia
625 1629 839 1692 Germanicum
863 1626 1031 1710 Augustum
1055 1627 1133 1690 abta

149 1714 288 1778 institutis
312 1715 415 1777 studiis
439 1715 561 1778 deflexit
584 1737 657 1777 cura
677 1727 834 1791 terrarum,
852 1734 1015 1796 parumque
1037 1713 1095 1776 diis

149 1799 246 1864 risum
261 1815 318 1875 est,
333 1821 399 1863 esse
415 1822 484 1862 eum
500 1800 663 1863 maximum
681 1803 847 1884 politamm.
895 1797 978 1868 Quid
994 1812 1096 1862 tamen

150 1885 195 1948 his
211 1886 283 1968 ipsis
299 1885 363 1970 ejus
379 1886 532 1969 operibus,
546 1886 575 1948 in
590 1906 679 1968 quae,
697 1886 808 1948 donato
824 1883 961 1967 impetun,
973 1881 1094 1966 juvenis

150 1985 329 2045 secesserat,
348 1971 511 2047 sublimius,
531 1972 660 2047 doctius,
677 1971 814 2033 omnibus
837 1969 966 2051 denique
989 1991 1095 2031 nume-

150 2053 189 2117 ris
206 2055 401 2137 praestantius
417 2055 428 2115 ἓ
466 2055 544 2127 Quis
557 2055 636 2118 enim
648 2069 770 2118 caneret
783 2054 862 2118 bella
877 2054 994 2131 melius,
1005 2075 1131 2138 quamst

150 2139 199 2225 qui
216 2140 259 2203 siu
276 2138 375 2223 gerit?
421 2140 524 2212 Quem
540 2142 744 2225 praesidentes
760 2141 864 2204 studiis
880 2142 955 2203 deae
970 2140 1094 2224 propius

142 2226 311 2289 audirent?
356 2226 416 2289 Cui
438 2228 529 2310 magis
551 2250 620 2291 suas
641 2242 718 2289 artes
737 2226 864 2311 aperiret
879 2225 1021 2288 familiare
1039 2248 1093 2288 nu·

144 2332 219 2375 ¹men
248 2312 413 2377 Minerva?
458 2312 575 2377 Dicent
598 2314 674 2377 haec
703 2313 816 2397 plenius
841 2311 936 2374 lutura
959 2311 1092 2374 saecula.

151 2395 240 2461 Nune
261 2399 338 2462 enim
364 2414 531 2463 ceterarum
549 2398 664 2481 fulgore
685 2400 824 2462 virtutum
845 2399 909 2461 laus
927 2397 982 2460 ista
1001 2418 1093 2543 prae·

151 2484 309 2566 stringitur.
357 2483 422 2545 Nos
446 2498 544 2545 tamen
568 2506 654 2546 sacra
678 2484 826 2546 literarum
846 2484 981 2545 colentes
1013 2503 1133 2560 eremas

151 2565 278 2644 Caesar,
295 2567 319 2628 si
342 2589 400 2628 non
424 2567 546 2629 tacitum
569 2568 630 2657 boc
653 2568 859 2652 praeterimus,
876 2584 906 2631 et
927 2567 1094 2651 Virgiliano

151 2665 233 2713 certe
251 2670 338 2713 versu
353 2665 507 2728 testamur,

318 2786 385 2834 Idter
397 2786 509 2835 victrices
522 2788 639 2835 hederam
651 2788 695 2835 tibi
706 2804 806 2870 seppere
818 2790 906 2837 lnuros.

150 2910 257 2994 Elegia
272 2930 392 2994 quoque
409 2909 548 2973 Graecos
567 2933 779 2993 provocamus,
796 2911 882 2995 eujus
904 2910 975 2973 mihi
995 2924 1094 2977 tersus

151 3012 239 3081 atque
261 2998 379 3080 elegans
403 2996 532 3059 maxime
548 2996 665 3059 videtur
684 3012 788 3060 auctor
810 2996 964 3059 Tibullus.
1015 2998 1133 3064 Suntan

150 3084 199 3170 qui
218 3084 411 3167 Propertium
427 3082 537 3146 malint.
583 3080 712 3145 Ouidius
727 3098 851 3167 utroque
865 3084 1005 3148 lascivior
1021 3106 1029 3146 :
1052 3086 1091 3148 si·

151 3184 202 3233 cut
217 3172 317 3233 durior
338 3171 459 3232 Gallus.
1140 3247 1143 3251 A

197 3253 295 3316 Satira
308 3255 427 3335 quidem
444 3271 503 3318 tota
519 3270 620 3317 nostra
636 3269 693 3332 est,
706 3255 805 3339 inqua
820 3256 931 3339 primus
948 3255 1092 3339 insignem
1158 3258 1161 3262 ’

150 3338 268 3399 laudem
285 3340 410 3419 adeptus
423 3339 565 3402 Lucilium
576 3342 720 3423 quosdam
738 3340 777 3403 ita
789 3341 906 3403 deditos
922 3341 977 3403 sibi
994 3342 1091 3404 adbuc

150 3422 241 3485 habet
255 3437 415 3498 amatores,
434 3440 463 3485 ut
479 3446 546 3487 eum
562 3448 620 3487 non
641 3425 777 3510 ejusdem
798 3428 888 3489 modo
904 3427 1006 3509 operis
1020 3448 1132 3489 aue-³⁵

150 3508 275 3585 toribus,
299 3508 353 3570 sed
382 3508 518 3571 omnibus
551 3511 648 3593 poetis
680 3509 828 3595 praeferre
859 3533 918 3574 nun
944 3512 1088 3575 dubitent.

147 3592 222 3679 Ege
236 3608 374 3677 quantum
396 3594 432 3658 ab
451 3594 518 3673 illis,
529 3610 648 3659 tanturn
667 3597 705 3660 ub
723 3594 853 3662 Horatio
868 3597 1023 3675 dissentio,
1041 3596 1091 3681 qui
