2459 4200
354 281 508 328 sennenn
526 279 676 334 numnam
692 281 831 327 enarra.
1035 269 1080 330 88

135 433 256 498 actione
290 431 506 517 raescripserit.
540 429 669 496 Fiducia
679 431 744 517 ipsa
755 433 833 496 solet
843 432 983 518 opinione
994 456 1077 500 arro·

134 519 250 602 gantiae
266 455 402 581 liberare
417 538 423 579 :
447 517 558 580 iaciunt
573 516 708 581 savorem
723 532 754 581 et
768 518 818 582 illa
831 528 928 603 paeo'e
940 541 1076 586 commu·

133 603 194 684 nia,
206 625 266 667 non
279 617 380 667 tamen
393 602 565 680 omittenda,
577 602 626 666 vel
638 603 719 681 ideo,
732 625 770 667 ne
782 619 979 703 occupentur,
992 617 1078 689 opto·

133 709 179 764 re,
192 688 377 765 abominari,
390 708 511 770 rogare,
522 687 674 750 solicitum
683 708 774 772 ogere
787 709 798 750 :
820 710 890 788 pura
901 690 1077 775 plerumque

112 787 280 837 sattentum
296 794 416 858 quoque
434 773 570 858 judicem
587 771 669 851 lacit,
686 773 775 837 sires
791 795 838 858 agr
852 775 971 840 videtur
984 798 1075 856 nova,

135 879 254 942 magna,
273 873 371 936 atrox,
397 858 547 942 pertinens
570 858 606 921 ad
630 859 824 942 exemplum:
847 861 1010 946 praecipue
1032 874 1076 925 ta·

134 964 215 1021 uren,
234 945 258 1006 si
270 943 367 1030 judex
382 957 499 1016 autsua
510 943 589 1020 vice,
602 958 652 1007 aut
663 944 843 1028 reipublicae
855 961 1074 1026 commovetur,

134 1028 220 1114 cujus
236 1030 349 1091 animus
371 1051 437 1127 spe,
463 1043 555 1106 metu,
581 1030 794 1108 admonitione,
818 1031 970 1115 precibus,
993 1033 1076 1097 vani·

134 1125 195 1176 tate
211 1115 353 1198 denique,
371 1136 396 1176 st
412 1112 640 1198 id'proluturum
660 1115 831 1194 credemus,
849 1116 1000 1199 agitandus
1015 1133 1072 1182 est.

101 1219 128 1263 ro
138 1196 219 1262 Sunt
233 1213 263 1262 et
278 1199 326 1262 illa
341 1198 507 1262 excitandis
523 1199 559 1261 ad
577 1199 756 1263 audiendum
770 1221 830 1263 non
846 1201 968 1278 inutilia,
980 1203 1004 1264 si
1020 1224 1076 1264 nos

134 1304 237 1368 neque
253 1284 302 1346 diu
318 1298 493 1360 moraturos,
504 1304 601 1366 neque
614 1297 699 1346 extra
711 1305 834 1347 causam
848 1286 980 1348 dicturos
996 1286 1076 1348 exis·

135 1367 252 1430 timent.

177 1452 325 1518 Docilern
340 1454 404 1518 sine
423 1452 514 1517 dubio
537 1467 566 1516 et
588 1454 664 1517 haec
688 1454 752 1538 ipsa
774 1468 905 1538 praestat
927 1456 1074 1519 attentio:

134 1540 189 1603 sed
205 1553 236 1602 et
251 1539 334 1618 illud,
352 1539 377 1601 si
392 1540 521 1602 breviter
536 1551 567 1602 et
582 1539 712 1603 dilucide
728 1562 874 1604 summam
890 1541 945 1619 rei,
963 1541 1002 1604 de
1016 1563 1075 1626 qua

101 1641 322 1708 recognoscere
338 1624 460 1702 debeat,
477 1623 728 1688 indicaverimus:
753 1627 834 1710 quod
853 1625 1008 1691 Homerus
1031 1641 1075 1691 at·

134 1731 194 1794 que
209 1709 352 1793 Virgilius
368 1731 491 1794 operum
515 1731 635 1772 suorum
658 1710 811 1794 principiis
828 1709 949 1774 faciunt.
995 1710 1075 1774 Nam

134 1794 219 1858 istius
233 1795 279 1856 rei
295 1795 402 1858 modus
418 1808 475 1872 est,
493 1809 525 1856 ut
547 1795 743 1879 propositioni
766 1796 889 1858 similior
911 1796 960 1871 sit,
984 1816 1074 1878 quam

135 1879 341 1962 expositioni:
363 1901 420 1942 nec
436 1880 588 1962 quomodo
609 1879 739 1963 quidque
762 1880 799 1942 sit
821 1892 933 1957 actum,
958 1879 1013 1942 sed
1036 1879 1075 1942 de

136 1964 244 2048 quibus
268 1964 398 2028 dicturus
418 1964 456 2028 sit
470 1977 580 2041 orator,
598 1963 746 2027 ostendat.
792 1963 860 2028 Nec
875 1963 977 2043 video,
994 1964 1076 2049 quod

100 2069 127 2111 sn
136 2048 223 2135 hujus
235 2049 279 2113 rei
292 2049 386 2134 possit
397 2049 476 2135 apud
488 2063 622 2113 oratores
637 2050 761 2135 reperiri
772 2050 877 2114 melius
888 2051 1072 2137 exemplum,

135 2154 225 2219 quem
241 2135 402 2201 Ciceronis
417 2156 473 2219 pro
489 2134 532 2197 A.
551 2134 703 2199 Cluentio.
751 2134 975 2215 Animadverti,
986 2137 1074 2220 jndi-

136 2240 194 2297 ces,
212 2240 329 2283 omnem
351 2220 534 2283 correctoris
549 2222 715 2283 orationem
728 2221 763 2282 in
778 2222 856 2284 does
870 2221 1000 2283 divisam
1015 2240 1075 2281 esse

131 2316 258 2388 portes:
289 2326 417 2390 quornm
442 2307 539 2369 altero
562 2306 639 2366 milsi
662 2304 722 2365 niti
746 2316 774 2365 et
797 2326 978 2386 magnopere
1004 2326 1075 2367 con·

4 2438 5 2452 ,
137 2388 234 2475 fidere
249 2391 408 2453 videbator
421 2390 542 2453 incidie
558 2390 628 2473 jam
648 2389 814 2453 inveterato
830 2388 948 2472 judicii
962 2389 1075 2452 Jonin·

3 2478 5 2546 ζ
100 2476 171 2537 soni
182 2498 193 2553 ,·
217 2477 315 2539 altero
337 2475 539 2539 tantummodo
560 2473 786 2537 consuetudinis
808 2493 902 2536 conso
923 2472 1027 2536 tinside
1048 2484 1076 2539 et

136 2559 306 2643 diffidenter
321 2562 470 2644 attingere
492 2560 640 2623 rationem
661 2556 798 2645 ueneficii
817 2561 993 2639 eriminum,
1016 2580 1077 2645 peto

64 2648 67 2651 ’
136 2644 172 2707 de
188 2667 221 2707 re
239 2648 303 2729 lege
319 2647 448 2709 ostiense
465 2647 596 2729 quaestio
609 2646 780 2709 comtitnto.
821 2644 859 2709 Id
870 2660 970 2709 tamen
981 2660 1077 2711 totum

136 2732 329 2814 respondenti
345 2730 459 2794 facilius
475 2744 533 2809 est,
547 2752 636 2815 quam
651 2731 850 2815 proponenti:
873 2732 942 2814 quia
957 2732 1006 2794 hio
1023 2732 1076 2795 ad·

135 2817 304 2880 monendus
315 2816 424 2900 judex,
441 2816 500 2878 illie
517 2816 671 2879 docendus
688 2831 742 2879 est.

101 2918 130 2962 ae
179 2898 249 2963 Nec
265 2922 326 2979 me,
344 2922 511 2985 quanquam
527 2901 625 2985 magni
640 2915 790 2979 auctores,
804 2900 833 2963 in
849 2902 909 2963 hoc
924 2902 1075 2980 duxerint,

136 2998 243 3049 utnon
259 3008 378 3070 semper
393 2984 493 3049 lacere
509 3000 651 3049 attentum
667 3007 703 3049 ac
719 2986 849 3049 docilem
868 2984 1004 3068 judicem
1023 3008 1076 3048 ve·
1167 3010 1172 3019 ·

134 3068 188 3133 lim
202 3094 210 3133 :
234 3092 294 3134 non
310 3071 378 3155 quia
393 3070 537 3146 nesciam,
550 3071 579 3133 id
595 3072 676 3153 quod
692 3071 730 3131 ab
742 3070 798 3131 illis
810 3069 929 3144 dicitur,
941 3090 1008 3129 esse
1020 3089 1077 3149 pro

134 3156 217 3217 male
232 3176 333 3233 causa,
345 3156 438 3239 qualis
451 3177 486 3219 ea
503 3156 613 3219 sitnon
629 3152 750 3233 intelligi
765 3173 772 3211 :
796 3171 900 3214 verum
915 3151 983 3234 quia
999 3150 1077 3215 istud

134 3260 197 3302 non
228 3240 404 3323 negligentia
418 3240 540 3325 'judicis
566 3237 720 3321 contingit,
748 3236 803 3299 sed
828 3256 938 3299 errore.
967 3234 1079 3303 'Dixit

99 3325 215 3391 atenim
239 3326 439 3403 adversarius,
457 3338 488 3389 et
505 3323 633 3409 sortasse
648 3323 815 3408 persuasit:
839 3322 925 3386 nobis
940 3346 1016 3409 opus
1032 3339 1079 3389 est

135 3410 201 3495 ejus
218 3410 338 3475 diversa
350 3412 491 3495 opinione
503 3432 510 3471 :
527 3432 603 3493 quae
615 3409 721 3473 mutari
731 3432 791 3472 non
803 3422 914 3493 potest,
926 3410 981 3473 nisi
996 3412 1077 3475 illum

133 3495 297 3561 fecerimus
321 3498 359 3560 ad
379 3518 426 3574 ea,
444 3517 519 3580 quae
544 3496 690 3572 dicemus,
714 3495 846 3559 docilem
869 3510 900 3557 et
921 3510 1074 3559 attentum.

135 3579 221 3653 Quid
248 3582 348 3665 ergo?
393 3580 600 3646 Imminuenda
630 3581 776 3665 quaedam
805 3595 836 3643 et
865 3580 1020 3657 elevanda,
1048 3590 1079 3639 et
