2459 4200
159 275 203 338 u
452 287 492 333 u.
512 286 607 333 rrnrr
624 289 848 342 onrnrrnrrur

339 440 364 489 Ο
375 439 525 490 fontinatam
536 449 620 490 ustam
632 456 674 490 me
685 437 795 490 Consule
806 440 921 490 numum.

203 539 305 604 Etiam
326 539 543 622 monosyllaba,
562 540 586 602 si
602 539 686 622 plura
701 553 779 615 sunt,
797 539 873 600 male
889 537 1104 600 continuabun-

159 641 227 690 tur:
251 625 320 708 quia
336 646 462 687 necesse
478 639 535 702 est,
553 624 734 706 compositio
757 623 854 686 multis
876 623 1013 685 clausulis
1030 645 1105 685 con·

159 713 221 775 cisa
248 710 403 772 subsultet.
451 709 586 792 Ideoque
610 710 699 770 etiam
722 708 857 770 brevium
879 708 1041 770 verborum
1067 729 1106 772 ac

159 795 310 860 nominum
327 795 444 857 vitanda
459 794 656 869 continuatio,
669 807 699 855 et
714 815 753 856 ex
769 793 889 856 diverso
905 814 1025 877 quoque
1039 792 1129 856 lon-s

160 901 286 966 gotum:
310 881 435 942 afferunt
451 880 529 942 enim
545 880 693 962 quandam
709 879 828 941 dicendi
844 879 1023 941 tarditatem.

205 966 261 1029 Illa
276 986 394 1048 quoque
410 965 481 1026 vitia
496 979 563 1027 sunt
579 964 714 1047 ejusdem
732 964 803 1041 loci,
821 964 845 1027 si
867 963 1002 1026 cadentia
1022 961 1106 1026 simi·

160 1051 228 1114 liter
250 1064 279 1112 et
302 1049 435 1112 similiter
456 1049 632 1125 desinentia,
650 1063 681 1110 et
703 1050 812 1111 eodem
835 1049 927 1110 modo
944 1047 1105 1126 declinata,

156 1135 325 1221 jungantur.
373 1133 421 1196 Ne
444 1134 536 1197 verba
559 1135 681 1218 quidem
703 1133 815 1210 verbiS,
831 1149 884 1196 aut
905 1133 1024 1195 nomina
1050 1155 1107 1195 no·

161 1221 301 1297 minibus,
319 1219 483 1304 similiaque
506 1219 551 1282 his
575 1219 739 1283 continuari
763 1220 873 1282 decet:
898 1241 966 1280 cum
982 1218 1107 1282 virtutes
1116 1235 1144 1276 rc

162 1307 250 1370 etiam
265 1305 346 1389 ipsae
358 1305 488 1367 taedium
504 1305 630 1388 pariant,
641 1303 697 1366 nisi
709 1304 802 1387 gratia
812 1304 961 1366 varietatis
973 1300 1105 1387 adjutae.
1167 1335 1173 1344 ·

203 1391 427 1467 Membrorum,
442 1391 669 1473 incisorumque
676 1389 815 1472 junctura
831 1411 889 1450 non
902 1411 939 1451 eo
956 1390 1047 1451 modo
1059 1404 1110 1452 est

161 1474 360 1550 observanda,
378 1495 454 1556 quae
470 1475 640 1550 verborum,
658 1495 825 1556 quanquam
848 1490 878 1536 et
896 1475 925 1535 in
946 1473 990 1535 lris
1005 1487 1107 1536 extre·

161 1581 210 1622 ma
222 1579 258 1620 ac
272 1558 365 1640 prima
379 1565 484 1619 cocunt
499 1580 509 1618 .·
532 1558 586 1620 sed
600 1558 756 1640 plurimum
769 1559 858 1622 refert
870 1559 1106 1641 compositionis,

161 1665 236 1728 quae
248 1641 354 1726 quibus
370 1658 544 1725 anteponas.
581 1642 660 1705 Nam
677 1657 707 1705 et
720 1665 839 1706 comens
845 1642 960 1726 frustis
974 1645 1108 1706 esculen-
1116 1665 1143 1703 rs

162 1731 213 1806 tis,
226 1728 378 1812 gremium
393 1749 480 1790 suum
496 1739 523 1792 ct
538 1737 630 1791 totum
645 1728 783 1791 tribunal
800 1731 957 1812 impleuit:
981 1745 1011 1792 et
1033 1752 1107 1792 con·

162 1828 206 1878 tra
226 1814 308 1898 (nam
323 1812 504 1898 frequentius
521 1829 583 1877 utar
603 1814 709 1877 iisdem
726 1815 909 1878 diversarum
925 1837 1044 1899 quoque
1060 1837 1107 1878 re-

162 1923 227 1963 rum
254 1899 412 1982 exemplis,
431 1921 490 1984 quo
517 1901 573 1963 sint
598 1900 691 1982 magis
717 1898 883 1983 familiaria)
914 1903 997 1962 Suco
1021 1911 1108 1984 atquc

162 1984 340 2046 solitudines
354 1986 421 2045 coci
436 1987 625 2066 respondent,
639 1985 746 2047 bestiae
758 2005 844 2068 saepe
855 1987 1001 2048 immanes
1017 1995 1109 2048 contu
1228 2062 1229 2067 ἵ

162 2067 436 2153 flectuntur,utquc
459 2072 634 2133 consistunt.
682 2069 781 2155 Magis
805 2073 984 2157 insurgebat,
1001 2072 1027 2136 si
1041 2091 1141 2135 ver-m

162 2168 297 2218 teretur:
320 2168 389 2216 nam
412 2156 477 2239 plus
501 2171 558 2234 est,
575 2178 662 2235 socc,
680 2178 769 2240 quam
785 2158 892 2220 bestius
907 2158 1108 2221 comnroccci:

161 2241 235 2304 vicit
250 2254 350 2303 tamen
366 2241 592 2325 compositionis
608 2243 712 2305 decor.

208 2326 273 2393 Sed
300 2340 484 2392 transeamus
509 2329 548 2390 ud
572 2349 720 2389 numeros.
767 2326 875 2391 Omnis
899 2340 1051 2392 structura
1071 2352 1107 2392 ac

106 2430 115 2441 ⁸
163 2412 309 2497 dimensio
329 2425 359 2474 et
381 2414 533 2495 copulatio
555 2434 661 2474 vocum
683 2427 799 2474 constat
821 2429 871 2476 aut
893 2415 1021 2478 numeris
1042 2414 1108 2499 (nu-

142 2522 147 2534 ‹
162 2518 261 2561 meros
276 2504 393 2575 ῥυθμοὺς
410 2498 509 2579 accipi
524 2497 608 2577 volo)
625 2511 674 2557 aut
687 2505 806 2576 μέτροις,
817 2498 847 2559 id
864 2515 910 2561 est
922 2500 1142 2564 dimensionem
1227 2501 1228 2516 ¹

183 2583 302 2643 uadam.

163 2604 182 2663 q
207 2664 300 2743 Quod
318 2664 432 2725 etiamsi
449 2677 565 2726 constat
580 2677 737 2749 utrumque
752 2668 891 2751 pedibuS,
903 2669 993 2734 habet
1008 2687 1109 2734 tamen

162 2768 221 2811 non
238 2748 404 2831 simplicem
421 2749 629 2811 differentiam.
677 2751 755 2816 Nam
778 2754 919 2837 rhythmi,
937 2756 965 2817 id
989 2770 1035 2819 est
1054 2778 1110 2819 nu-

162 2834 247 2911 meri,
267 2833 363 2916 spatio
386 2848 555 2918 temporum
577 2852 736 2901 constant:
759 2852 855 2902 matra
873 2840 962 2901 etiam
978 2841 1109 2904 ordine:

162 2918 291 3004 ideoque
314 2919 438 2983 altemm
461 2942 528 2984 esse
544 2924 713 3004 quantitatis
728 2925 855 3000 videtur,
873 2924 997 2985 alterum
1012 2926 1143 3007 quali-u

161 3006 241 3069 tatis.
275 3015 397 3085 ,Ῥυθμός
414 3022 459 3070 est
475 3022 524 3070 aut
538 3028 603 3091 par,
619 3023 650 3072 ut
666 3010 824 3093 dactylus:
848 3030 934 3071 unam
951 3007 1029 3070 enim
1046 3010 1109 3094 syl·

161 3092 260 3155 labam
277 3116 378 3179 parem
395 3093 534 3156 brevibus
550 3094 649 3157 habet.
686 3094 744 3156 Est
755 3094 877 3177 quidem
893 3093 936 3155 vis
953 3095 1060 3157 eadem
1077 3110 1108 3159 et

162 3177 226 3240 aliis
242 3181 381 3261 pedibus,
399 3180 453 3243 sed
476 3201 585 3241 nomen
606 3180 678 3242 illud
699 3195 780 3243 tenet
799 3178 931 3263 (longam
948 3202 1015 3243 esse
1032 3181 1107 3243 duo·

162 3261 226 3321 r'um
243 3277 423 3345 temporum,
441 3263 564 3325 brevem
580 3265 677 3341 unius,
691 3266 780 3328 etiam
798 3268 880 3350 pueri
897 3266 993 3328 sciunt
1008 3264 1030 3347 :)
1056 3280 1106 3329 aut

163 3347 335 3428 sescuplex,
353 3361 385 3407 ut
407 3366 525 3429 paeon:
551 3368 621 3409 cum
640 3350 678 3411 sit
693 3373 733 3412 ex
751 3352 837 3433 longa
852 3364 883 3412 et
899 3351 991 3413 tribus
1007 3351 1143 3413 brevi-as

162 3428 242 3492 bus:
267 3430 375 3513 quique
392 3431 420 3492 ei
436 3432 610 3510 contrarius,
629 3456 667 3496 ex
690 3436 781 3497 tribus
805 3434 944 3497 brevibus
961 3451 990 3499 et
1005 3437 1103 3519 longa,
1225 3427 1226 3436 ¹

162 3515 212 3579 vel
228 3515 287 3579 alio
301 3536 421 3600 quoquo
437 3514 527 3579 modo
543 3532 574 3581 ut
590 3533 725 3603 tempora
742 3519 795 3582 tria
809 3519 846 3581 ad
862 3520 922 3582 duo
937 3522 1027 3584 relata
1042 3544 1106 3584 ses·

164 3603 284 3685 euplum
313 3601 445 3666 saciant:
470 3617 519 3666 aut
544 3604 667 3688 duplex,
686 3618 717 3667 ut
741 3605 856 3669 iambus
887 3605 969 3689 (narn
994 3622 1040 3671 est
1065 3628 1106 3670 ex
