2459 4200
337 283 491 333 sanacra
510 286 658 342 Quanam
677 289 812 336 crema.
1022 276 1061 338 tt

117 431 259 504 sufficere
282 436 349 501 illos
372 439 501 502 minores
521 439 710 503 existimant:
735 456 765 504 et
787 439 867 504 bono
882 461 953 505 sane
968 456 1061 506 stom·

118 527 198 588 acho
220 525 355 588 contenti
379 539 467 587 sunt:
490 545 579 608 quae,
596 546 762 610 quanquam
778 539 808 590 et
823 527 888 611 ipsa
902 528 1062 611 repreben-

35 683 45 695 β
119 603 206 673 sione
230 609 330 692 digna,
349 608 492 671 securitas
508 624 610 696 xtamen
627 626 707 674 esset
721 626 872 696 utcunque
887 611 1060 691 tolerabilis,

120 695 147 757 si
171 693 318 780 ejusmodi
341 708 554 778 praeceptores
578 692 673 758 minus
697 696 852 773 docerent,
871 716 932 758 nnn
955 695 1062 781 pejus:

99 777 198 842 salter
213 777 260 840 ille
273 779 363 841 etiam
379 776 571 863 frequentior,
585 782 666 863 quod
682 801 747 858 eos,
761 781 811 865 qui
827 781 1003 865 ampliorem
1018 781 1063 844 di·

123 864 211 928 cendi
227 859 400 926 facultatem
415 880 482 928 sunt
497 863 665 943 consecuti,
682 887 742 930 non
764 881 865 950 putant
889 865 926 928 ad
949 865 1064 930 minora

122 946 310 1012 descendere
325 945 445 1032 :idque
468 949 583 1012 interim
605 951 682 1026 fieri,
702 950 769 1035 quia
792 948 939 1014 fastidiant
962 971 1063 1035 praes·

121 1047 186 1096 tare
203 1034 278 1095 hanc
294 1031 480 1096 inferioribus
494 1055 621 1109 curam;
644 1036 773 1112 interim,
785 1035 852 1120 quia
869 1036 989 1099 omnino
1004 1057 1065 1098 non

122 1119 250 1200 possint.
297 1115 366 1202 Ego
383 1139 472 1200 porro
488 1139 567 1196 eum,
580 1119 629 1202 qui
645 1121 730 1198 nolit,
744 1121 774 1182 in
788 1140 912 1184 numero
928 1121 1064 1204 praecip-

86 1200 249 1271 aoientium
264 1223 324 1263 non
338 1203 456 1277 babent
480 1225 570 1286 posse
592 1219 691 1266 autem
710 1205 852 1280 maxime,
870 1205 894 1267 si
910 1205 994 1278 velit,
1010 1225 1066 1285 op·

125 1287 231 1348 timum
256 1295 401 1384 quemque
428 1287 605 1350 contendo:
637 1289 776 1370 primum,
800 1289 880 1370 quod
907 1308 987 1362 eum,
1015 1285 1065 1369 qui

124 1371 292 1454 eloquentia
317 1371 424 1435 ceteris
450 1386 592 1455 praestet,
621 1371 670 1434 illa
696 1391 826 1470 quoqne,
847 1393 902 1457 per
925 1391 1001 1456 quae
1028 1371 1065 1434 ad

123 1455 325 1538 eloquentiam
340 1457 522 1540 pervenitur,
540 1453 763 1540 diligentissime
777 1457 951 1555 percepisse
967 1456 1065 1519 credi·

123 1541 184 1602 bile
200 1556 267 1602 est:
292 1541 413 1617 deinde,
431 1541 498 1624 quia
521 1542 677 1624 plurimum
700 1543 729 1603 in
752 1540 966 1626 praeciptendo
985 1541 1066 1604 valet

88 1625 211 1702 naratio,
232 1644 308 1709 qnae
332 1623 509 1688 doctissimo
533 1627 640 1710 cuique
664 1627 834 1710 planissima
857 1642 924 1689 est:
948 1640 1065 1709 postre-

124 1729 187 1787 m0,
204 1711 271 1792 quia
285 1729 376 1772 nemo
392 1709 436 1772 sic
451 1710 480 1771 in
496 1709 658 1794 majoribus
677 1712 800 1788 eminet,
817 1726 849 1774 ut
864 1731 932 1772 eum
949 1711 1063 1772 minora

124 1795 265 1856 deficiant
279 1816 287 1856 ε
306 1795 363 1856 nisi
373 1794 448 1857 sorte
461 1794 483 1856 J
485 1817 573 1857 ovem
587 1796 708 1878 quidem
720 1793 845 1857 Phidias
858 1795 971 1877 optime
980 1791 1065 1870 lecit,

124 1879 174 1941 illa
190 1895 300 1955 autern,
318 1901 395 1962 qnae
416 1879 444 1940 in
467 1895 672 1941 ornamentum
695 1879 795 1962 operis
817 1878 882 1976 ejus
904 1877 1065 1955 accedunt,

124 1957 198 2026 alius
223 1965 331 2026 melius
355 1963 538 2026 elaborasset
551 1984 559 2039 ;
583 1977 631 2027 aut
646 1977 744 2026 orator
759 1963 841 2046 loqur
855 1963 970 2026 nesciet
984 1983 993 2038 ;
1016 1976 1068 2025 aut

87 2048 254 2113 solertiores
270 2050 392 2113 morbos
408 2069 512 2111 curare
527 2070 587 2111 non
603 2049 711 2135 poterit
726 2049 862 2112 medicus
878 2046 1067 2132 praestantis·

123 2134 227 2197 simus.

168 2219 254 2290 Quid
267 2240 337 2301 ergo
352 2218 364 2279 ?
386 2240 445 2281 non
458 2232 504 2281 est
515 2219 663 2300 quaedam
676 2218 844 2299 eloquentia
856 2216 964 2300 major,
978 2236 1068 2299 quam

125 2316 160 2365 ut
183 2325 251 2365 eam
273 2303 422 2366 intellectu
449 2302 593 2383 consequi
620 2300 742 2381 puerilis
768 2300 920 2360 infirmitas
946 2300 1069 2380 possit?

126 2387 197 2471 Ego
213 2410 286 2449 vero
302 2389 470 2451 confiteor:
495 2386 549 2447 sed
569 2385 648 2447 hunc
665 2383 807 2445 disertum
825 2395 1067 2466 praeceptorem,

86 2470 305 2557 asprudentnm
321 2492 451 2557 quoque,
471 2485 501 2533 et
516 2490 574 2533 non
591 2470 723 2554 ignarum
738 2468 878 2545 docendi,
896 2486 964 2531 esse
977 2486 1069 2553 opor·

125 2557 210 2634 tebit,
236 2557 439 2620 sumittentem
463 2576 496 2619 se
521 2557 558 2619 ad
583 2576 751 2619 mensuram
774 2554 939 2617 discentis:
963 2567 995 2617 ut
1015 2576 1069 2619 ve·

125 2643 295 2707 locissimus
311 2643 448 2727 quisque,
466 2640 490 2703 si
506 2640 582 2703 sorte
604 2640 659 2703 iter
675 2661 746 2701 cnm
761 2640 885 2722 parvulo
899 2638 1000 2717 iaciat,
1017 2641 1071 2703 det

126 2746 258 2809 manum,
281 2742 310 2789 et
333 2728 456 2810 gradum
479 2748 563 2789 sunm
587 2725 708 2801 minuat,
734 2746 790 2787 nec
815 2726 960 2807 procedat
981 2724 1069 2801 ultra,

147 2834 216 2875 uam
239 2834 345 2875 comes
367 2812 472 2896 possit.
519 2810 631 2881 Quid?
654 2811 679 2874 si
703 2810 876 2893 plerumque
899 2808 1022 2885 accidit,
1040 2821 1073 2871 ut

89 2828 261 2961 mlatciliora
283 2895 343 2960 sint
364 2898 400 2959 ad
419 2896 640 2979 intelligendum
662 2910 692 2959 et
712 2895 856 2958 lucidiora
872 2895 977 2971 multo,
995 2912 1071 2976 qnae

127 3002 145 3047 a
161 2980 339 3045 doctissimo
355 3002 473 3065 quoquc
490 2982 627 3044 dicuntur
641 2982 675 3042 ?.
697 2980 777 3041 Nam
792 2993 823 3040 et
837 2978 932 3060 prima
947 2991 994 3037 est
1008 2977 1072 3070 elo·

128 3066 268 3150 quentiae
284 3068 387 3144 virtus,
406 3067 614 3150 perspicuitas
629 3079 671 3139 et,
685 3084 745 3143 quo
760 3062 826 3142 quis
841 3060 960 3139 ingenio
976 3074 1074 3121 manua

128 3148 224 3225 valet,
236 3151 296 3212 hoc
311 3174 344 3214 se
361 3152 453 3235 magis
469 3152 605 3214 attollere
618 3162 648 3209 et
659 3146 781 3207 dilatare
796 3155 921 3205 conabar
937 3162 944 3203 :
968 3155 1001 3205 ut
1015 3156 1074 3207 sta·

128 3248 195 3299 tura
213 3234 319 3299 breves
334 3236 362 3298 in
379 3238 486 3319 digitos
503 3236 662 3317 eriguntur,
679 3244 710 3293 et
728 3230 811 3315 plura
832 3228 938 3292 infirmi
962 3225 1075 3295 minan·

92 3332 187 3385 astur.
235 3316 315 3383 Nam
339 3322 481 3398 tumidos,
499 3334 529 3382 et
551 3332 721 3402 corruptos,
738 3331 769 3379 et
791 3315 932 3393 tinnulos,
949 3331 981 3381 et
1000 3338 1074 3401 quo-

130 3407 250 3489 cunqn‘e
260 3406 319 3469 alio
332 3406 503 3469 cacozeliae
519 3424 628 3487 genere
644 3416 819 3487 peccantes,
834 3416 949 3466 certum
963 3402 1074 3475 haben,

130 3506 192 3554 non
206 3489 326 3569 virium,
342 3492 398 3555 sed
420 3488 595 3555 infirmitatis
617 3490 690 3552 vitio
713 3488 870 3551 laborare:
893 3503 926 3551 ut
947 3500 1075 3580 corpora
1137 3566 1141 3572 Ι

131 3594 192 3639 non
214 3578 337 3657 robore,
361 3576 416 3639 sed
438 3574 608 3640 valetudine
630 3576 789 3649 inflantur}
810 3587 844 3637 et
864 3583 950 3635 recto
972 3570 1077 3630 itinere

405 3666 447 3723 Ξ*
