2459 4200
163 258 224 321 too
339 284 355 309 o
446 272 483 315 ιι.
504 268 598 315 ranst
617 266 841 323 eutaricum

161 426 288 489 cendum
304 422 379 506 patri
393 420 491 499 suerit,
503 436 553 485 aut
569 422 598 483 in
612 420 759 485 narrando
773 420 895 502 gratiam
911 420 990 483 illam
1005 441 1104 506 expo·

160 509 285 585 sitionis,
297 529 372 591 quae
388 507 539 590 continget
555 528 594 569 ex
609 527 747 571 sermone
762 526 837 588 puro
852 520 941 588 atque
956 507 1101 585 dilucido,

159 608 294 678 quaeret,
313 593 441 656 breviter
461 614 497 657 ae
519 591 719 674 significanter
733 590 869 653 ordinem
885 612 928 653 rer
921 592 1104 675 protulisse

160 694 329 756 contentus,
346 693 396 741 aut
411 692 580 761 argumenta
596 676 746 742 diducet'
738 698 768 737 ιιι
783 674 902 757 digitos,
919 691 950 738 et
965 677 1104 759 proposi·

160 762 274 829 ιὶοιιιιιιι
290 785 325 827 ac
342 763 529 846 partitionum
551 762 684 845 captabit
703 761 849 844 leporem,
866 776 908 837 et,
926 776 958 823 ut
949 762 1104 861 plerum·
1089 781 1126 820 -ι

162 871 220 934 que
243 851 272 913 in
295 849 353 911 boc
375 869 483 996 genere
505 846 596 909 moris
619 861 676 925 est,
694 845 855 909 intentione
876 846 956 907 omni
980 848 1105 911 remissa

161 935 298 1018 loquetur
313 934 325 995 i
356 932 459 1004 Quos
457 934 551 1015 ugerit
565 931 680 995 interim
695 930 782 993 dolor
796 930 868 993 ille.
863 930 874 975 Ρ
897 932 947 993 ubi
962 931 1103 995 lacrimae

82 1048 86 1063 ·
162 1018 372 1083 substiterint?
396 1020 473 1081 unde
489 1040 522 1081 se
537 1018 566 1081 in
587 1016 718 1079 medium
733 1031 793 1078 tam
812 1036 916 1078 secura
931 1016 1104 1079 observatio

162 1104 266 1167 artium
281 1103 422 1167 miserit?
460 1103 529 1165 Νοιι
545 1102 581 1165 ab
597 1101 724 1165 exordio
740 1102 886 1185 usquead
902 1101 1033 1163 ultimam
1048 1122 1103 1165 vo·

163 1210 231 1253 cem
252 1190 408 1251 continuus
425 1189 543 1272 quidam
562 1188 700 1270 gemitus,
718 1201 748 1249 et
763 1186 843 1247 idem
857 1185 990 1248 tristitiae
1005 1188 1138 1250 vultusrc

164 1274 340 1352 servabitur,
358 1274 504 1357 siquidem
520 1273 600 1335 volet
616 1272 750 1335 dolorem
768 1292 853 1333 suum
868 1270 959 1332 etiarn
975 1271 1003 1332 iu
1020 1273 1103 1334 audi·

165 1374 248 1423 entes
264 1357 495 1423 transfundere.
518 1380 607 1441 quem
628 1357 652 1419 si
674 1377 799 1439 usquam
819 1355 975 1431 remiserit,
992 1357 1022 1417 in
1040 1358 1103 1419 ani·

164 1464 245 1505 mum
256 1442 453 1540 judicantium
469 1464 528 1505 non
543 1443 679 1505 reducet

207 1526 300 1597 Quod
317 1527 477 1609 praecipue
494 1525 726 1589 declamantibus
744 1524 949 1609 (nequeenim
963 1546 1012 1587 me
1028 1511 1103 1609 poe

164 1609 235 1674 nitet
251 1610 288 1672 ad
304 1610 362 1673 boc
378 1631 498 1693 quoque
513 1632 589 1693 opus
606 1632 717 1687 meum,
734 1624 764 1671 et
778 1632 880 1673 curam
896 1626 1104 1694 susceptorum
1113 1632 1140 1671 ιι

96 1770 100 1781 1
164 1694 258 1759 semel
280 1694 515 1759 adolescentium
533 1695 699 1779 respicere)
718 1695 947 1757 custodiendum
968 1711 1024 1771 est,
1043 1718 1104 1779 quo

165 1781 287 1880 plures'
280 1802 310 1843 tn
324 1780 427 1844 schola
442 1781 587 1865 finguntur
603 1780 739 1857 affectus,
750 1801 838 1862 quos,
854 1800 913 1842 non
930 1795 960 1843 ut
974 1782 1105 1845 advoca·

165 1866 198 1942 ti,
215 1867 269 1929 sed
284 1880 316 1929 ut
331 1866 422 1950 passi,
434 1866 588 1931 subimus.
613 1887 683 1929 cum
698 1865 788 1928 etiam
803 1865 862 1927 hoc
877 1886 969 1947 genus
985 1866 1104 1929 simula·

164 1970 189 2012 ιι
181 1950 298 2011 litium
317 1951 422 2026 soleat,
440 1972 508 2011 cum
525 1950 574 2032 jus
596 1950 698 2012 mortis
713 1972 732 2012 a
746 1965 849 2012 senatu
865 1950 985 2032 quidam
1000 1952 1050 2014 vel
1064 1950 1105 2013 ob

164 2032 293 2114 aliquam
318 2053 454 2115 magnam
478 2032 692 2110 infelicitatem,
709 2035 758 2095 vel
780 2034 869 2096 etiam
893 2035 1140 2132 poenitentiamso
1221 2114 1222 2129 χ

163 2130 279 2215 petunt,
298 2116 448 2200 inquibus
468 2139 528 2180 non
550 2116 647 2180 solum
667 2132 798 2194 cantare,
816 2120 895 2201 quod
912 2120 1016 2184 vitium
1036 2142 1105 2203 per·

164 2201 253 2281 vasit,
264 2217 315 2267 aut
328 2203 477 2281 lascivire,
489 2204 543 2267 sed
558 2225 597 2266 ne
612 2203 806 2286 argumentari
821 2204 983 2301 quidem
956 2205 1011 2267 ursi
1027 2206 1103 2266 mix·

166 2288 214 2366 tis,
232 2289 428 2372 etquidem
420 2304 472 2367 rta,
490 2304 521 2352 ut
542 2289 606 2373 ipsa
631 2289 805 2387 probatione
827 2289 920 2386 tnagis
943 2290 1103 2367 emineant,

166 2373 323 2438 effectibus
340 2376 439 2438 decet.
480 2374 558 2438 Nam
574 2374 623 2458 qui
639 2375 829 2437 intermittere
845 2373 1004 2456 iungendo
1019 2374 1105 2436 dolo·

165 2481 228 2523 rem
245 2475 391 2543 potast,v
373 2460 490 2522 videtur
505 2481 595 2555 posse
610 2459 700 2522 etiam
716 2459 893 2541 deponere.
1112 2477 1142 2517 as
1221 2468 1222 2519 ι

179 2543 323 2605 :Nescio
336 2558 433 2604 tamen
450 2564 485 2604 an
501 2542 599 2625 hujuS,
611 2543 649 2603 de
661 2563 721 2624 quo
736 2543 894 2624 loquimur,
906 2541 1024 2605 decoris
1036 2564 1119 2606 cus·

165 2626 246 2687 todia
262 2627 392 2687 maxime
407 2625 487 2687 circa
504 2648 569 2701 eos,
582 2640 685 2687 contra
697 2648 772 2708 quos
784 2627 922 2723 dicimus,
934 2628 1107 2690 examinan-

165 2709 204 2771 da
218 2708 265 2768 sit.
313 2708 430 2769 Nam'
408 2730 471 2769 srne
487 2709 601 2771 dubio
593 2730 623 2769 ιιι
638 2711 775 2771 omuibus
794 2711 890 2772 statim
906 2712 1107 2774 accusationi-

163 2791 218 2854 bus
241 2791 300 2852 hoc
324 2791 470 2872 agendum
494 2805 549 2864 est,
567 2813 605 2852 ne
628 2792 665 2852 ad
693 2813 744 2854 eas
766 2793 891 2853 libenter
909 2789 1109 2860 descendisse

163 2875 327 2938 videamur.
375 2873 511 2958 Ideoque
534 2875 604 2936 milri
627 2873 696 2937 illud
712 2875 811 2938 Cassii
832 2875 940 2940 Severi
958 2898 1017 2938 nou
1041 2897 1142 2942 me-tu

164 2960 306 3025 diocriter
329 2959 478 3044 displicet,
496 2961 555 3023 Dii
579 2959 661 3038 boni,
682 2960 773 3022 vivo:
797 2971 834 3038 et,
859 2981 916 3042 quo
939 2982 985 3022 me
1006 2963 1108 3028 viuere

159 3047 255 3132 juvet,
273 3045 471 3132 Asprenatem
500 3067 585 3108 rcum
613 3046 709 3110 uideo.
755 3045 826 3108 Non
856 3047 937 3109 enim
961 3046 1042 3132 justa
1066 3072 1108 3112 ex

165 3155 256 3196 causa
271 3134 319 3196 vel
338 3133 507 3198 necessaria
525 3131 620 3196 videri
639 3145 740 3216 potest
761 3133 939 3215 postulasse
953 3155 1033 3210 eum,
1051 3157 1085 3196 se
1068 3135 1107 3198 d

121 3219 128 3226 “
165 3218 293 3298 quadarn
309 3220 468 3282 accusandi
483 3220 646 3301 voluptate.
687 3216 814 3280 Praeter
828 3218 887 3280 hoc
903 3232 1013 3295 tamen,
1024 3219 1107 3301 quod

166 3314 211 3361 est
227 3321 397 3376 commune,
415 3304 565 3384 propriam
584 3303 819 3365 moderationem
835 3305 981 3386 quaedam
996 3317 1181 3366 causaest

167 3383 345 3446 desiderant.
380 3385 575 3484 Quapropter
587 3403 616 3450 et
629 3387 679 3470 qui
694 3389 877 3450 curationem
895 3389 1037 3450 bonorum
1054 3409 1105 3470 pa·

166 3468 217 3532 tris
235 3467 404 3550 postulabit,
417 3470 559 3532 doleat
532 3493 559 3554 eJ
562 3494 596 3534 us
607 3472 798 3534 valetudine:
822 3487 852 3534 et
866 3474 1028 3555 quamlibet
1041 3493 1106 3554 gra·

166 3555 214 3616 via
229 3553 289 3618 filio
304 3567 389 3638 pater
404 3493 587 3639 objecturus,
606 3557 799 3620 miserrimam
815 3556 872 3619 sibi
887 3559 1024 3620 ostendat
1039 3578 1106 3620 esse
