2459 4200
274 306 279 323 “
353 326 505 373 senrcss
524 326 674 381 auncurt
690 326 826 371 erens.
1013 312 1075 374 ter

131 478 247 562 longius
263 478 410 542 dabimus.
459 478 589 542 Interest
608 480 700 558 enim,
717 489 888 542 sermonem
908 478 1022 559 finiant,
1039 500 1077 545 sn

131 564 265 627 sensum«
314 560 419 648 Itaque
450 564 528 627 illurn
554 564 786 642 distinctionem,
805 564 926 642 Litora,
943 567 1077 651 protinus

130 649 226 713 altero
242 648 361 733 spiritus
378 649 460 712 initio
479 649 618 733 insequar
632 670 640 710 r
663 666 732 713 cum
752 649 961 729 mucronem,
978 644 1076 738 Atque

131 736 212 798 attae
234 735 352 797 moenia
368 736 495 813 Romae,
513 735 675 819 deponam,
692 750 724 798 et
744 735 897 813 morabor,
914 749 945 799 et
964 758 1077 803 novum

108 836 234 885 crursus
248 819 403 883 exordium
419 820 538 884 faciam.

180 904 257 971 Sunt
279 906 436 991 aliquando
460 921 489 970 et
511 907 575 970 eine
593 904 789 991 respiratione
804 906 952 991 quaedam
974 926 1078 973 morae

132 992 223 1055 etium
244 991 274 1053 in
293 988 448 1076 periodis:
473 1006 503 1055 ut
524 993 553 1055 in
575 992 636 1069 illa,
656 994 694 1055 Iu
710 1002 794 1056 coctu
807 1012 875 1055 cero
887 995 998 1077 populi
1014 995 1076 1058 Ilu-

131 1077 229 1155 maru',
254 1078 407 1159 negotium
457 1078 590 1141 oblicum
616 1098 737 1162 gerens,
762 1079 906 1161 magister
931 1081 1075 1165 equitum,

134 1178 193 1226 etc·
243 1161 339 1225 Multa
359 1099 491 1227 membra
509 1164 621 1240 habet3
644 1186 748 1227 sensus
769 1164 848 1226 enim
871 1180 938 1228 sunt
961 1167 1010 1228 alii
1033 1180 1077 1230 at·

72 1313 74 1323 ,
97 1260 193 1333 toque
209 1246 257 1311 alii
273 1268 281 1309 t
305 1262 335 1311 ct
350 1248 427 1312 sicut
442 1270 498 1311 una
510 1248 728 1311 circumductio
743 1262 801 1325 est,
812 1248 851 1312 ita
868 1249 997 1331 paullum
1012 1272 1077 1313 mo·

133 1334 259 1397 rendum
279 1334 308 1396 in
328 1334 374 1397 his
392 1332 564 1413 intervallis,
581 1354 642 1396 non
665 1332 923 1415 interrumpendus
944 1347 989 1397 est
1004 1350 1077 1398 con·

133 1432 245 1483 textus.
295 1418 359 1484 Sed
376 1420 558 1483 econtrario
576 1419 711 1504 spiritum
730 1417 847 1482 interim
862 1419 998 1504 recipere
1013 1420 1077 1484 sins

133 1504 287 1567 intellectu
303 1523 404 1569 morae
419 1524 546 1569 necesse
561 1519 607 1569 est
624 1527 631 1567 :
655 1527 715 1590 quo
731 1505 801 1568 loco
816 1505 902 1589 quasi
917 1506 1076 1593 surripien-

135 1590 192 1653 dus
206 1604 276 1653 est:
300 1590 407 1677 alioqui
424 1592 449 1655 si
470 1592 575 1655 inscite
591 1591 763 1677 recipiatur,
780 1612 841 1655 non
860 1591 957 1656 minus
972 1594 1077 1657 efferat

100 1672 335 1753 rsobscuritatis,
347 1698 435 1760 quam
450 1678 556 1741 vitiosa
572 1678 732 1740 distinctio.
780 1676 886 1742 Virtus
902 1693 1002 1741 autem
1017 1680 1077 1742 dis·

135 1760 287 1845 tinguendi
302 1758 425 1825 sortasse
446 1762 483 1825 sit
503 1782 592 1846 parva
608 1784 618 1839 3
640 1763 779 1844 sineque
797 1776 897 1824 tamen
915 1783 985 1824 esse
998 1762 1078 1825 nulla

135 1846 194 1909 alia
209 1846 238 1907 in
254 1848 369 1929 agendo
385 1860 494 1931 potest.

188 1930 304 1993 Orcctc
324 1947 371 1995 est
393 1930 612 2016 pronunciatio,
630 1929 679 1993 cui
701 1920 877 2014 suffragatur
890 1950 953 1994 vox
967 1919 1075 2010 feodis,

137 2032 253 2099 magns,
278 2018 377 2097 besta,
399 2018 549 2096 flexibilis,
571 2018 667 2095 firma,
685 2016 793 2096 dulcis,
810 2015 963 2097 dmrbssis,
983 2017 1076 2098 cltrs,

101 2121 221 2188 mpura,
239 2123 345 2168 secans
367 2109 437 2168 adra
460 2119 490 2168 et
512 2102 631 2169 auribus
652 2103 773 2168 sedens
819 2102 880 2169 Est
894 2105 973 2168 enim
988 2126 1078 2189 quse

137 2189 267 2252 dnm'ad
294 2191 425 2253 auditum
451 2191 692 2264 accommodata,
708 2210 769 2250 non
794 2189 1006 2272 magnitudine,
1024 2190 1078 2252 scd

137 2273 330 2358 proprietate,
347 2277 385 2338 ed
401 2275 459 2337 hoc
475 2275 557 2336 velut
576 2271 748 2348 tractabilis,
766 2272 868 2355 utique
882 2272 997 2334 hebens
1011 2292 1078 2334 om-

135 2377 190 2422 nes
206 2359 235 2422 in
250 2377 295 2438 se,
308 2357 357 2444 qui
370 2359 583 2434 desiderantur,
595 2377 684 2420 sonos
700 2354 950 2440 intentionesque,
962 2368 994 2418 et
1008 2365 1077 2435 toto,

135 2457 169 2508 ut
191 2445 281 2524 aiunt,
300 2465 416 2528 organo
439 2444 605 2506 instructa:
629 2440 677 2504 cui
701 2439 797 2504 aderit
820 2441 919 2504 leteris
941 2441 1077 2519 firmitas,

101 2529 255 2614 usspiritus
272 2552 342 2593 cum
362 2527 458 2614 spatio
477 2527 626 2612 pertinax,
642 2541 705 2589 tum
722 2526 814 2590 labori
835 2548 895 2590 non
910 2524 997 2591 facile
1012 2538 1079 2590 ces·

136 2633 231 2677 surus.
255 2651 260 2657 ’
280 2613 387 2698 Neque
403 2613 592 2696 gravissimus
609 2625 707 2676 autem
723 2613 752 2674 in
773 2613 889 2677 musica
903 2635 1004 2693 sonus,
1022 2633 1079 2676 nec

135 2697 325 2760 acutissimus
348 2699 529 2762 orationibus
552 2699 703 2763 convenit.
750 2698 830 2762 Nam
851 2715 882 2764 et
904 2700 954 2764 hic
976 2718 1080 2786 purum

135 2783 246 2861 claruS,
264 2782 444 2870 nimiumque
461 2785 577 2870 plenus,
589 2786 701 2850 nullum
717 2787 825 2850 afferre
844 2786 949 2852 animis
965 2801 1079 2850 motum
1139 2786 1143 2790 ’

137 2882 259 2952 potest:
284 2883 313 2933 et
333 2871 382 2934 ille
398 2873 578 2956 praetenuis,
596 2889 627 2936 et
644 2873 825 2936 immodicae
840 2873 993 2950 claritatis,
1011 2894 1080 2935 cum

103 2967 184 3018 uest
198 2953 272 3018 ultre
286 2977 402 3034 verum,
421 2971 483 3021 tum
498 2979 595 3041 neque
611 2958 856 3040 pronunciatione
872 2957 966 3031 flecti,
982 2970 1080 3036 neque

139 3038 245 3102 diutius
268 3038 346 3102 serre
369 3041 561 3102 intentionem
584 3054 693 3121 potest.
741 3037 819 3098 Nam
840 3057 914 3110 vox,
931 3050 963 3096 ut
984 3037 1078 3113 nervi,

136 3135 198 3206 quo
214 3122 376 3200 remissior,
393 3123 451 3185 hoc
467 3124 584 3205 gravior
600 3135 631 3182 et
645 3121 760 3203 plenior
776 3141 784 3179 ι
807 3134 867 3203 quo
881 3118 1005 3196 tensior,
1022 3118 1081 3182 hoc

137 3205 233 3271 tenuis
246 3219 277 3268 et
292 3221 378 3269 acuta
395 3207 485 3290 magis
498 3221 553 3269 est.
596 3205 652 3270 Sic
669 3205 726 3267 ima
739 3203 800 3266 vim
814 3223 873 3266 non
888 3203 990 3283 habet,
1001 3224 1081 3268 sum-

58 3293 61 3299 ’
137 3311 187 3356 rna
214 3292 310 3375 rumpi
332 3291 525 3376 periclitatur.
573 3289 687 3355 Mediis
710 3311 782 3374 ergo
807 3290 948 3355 utendum
975 3292 1081 3370 sonis;

105 3378 228 3463 scirique
247 3398 316 3440 cum
334 3379 469 3461 augenda
492 3376 653 3441 intentione
675 3376 839 3456 excitandi,
856 3398 926 3442 cum
949 3380 1081 3443 smnmit·

139 3464 230 3528 tenda
245 3479 313 3528 sunt
327 3463 523 3548 temperandi.

149 3596 152 3604 .
182 3547 261 3613 Nam
276 3546 371 3634 prima
383 3564 429 3613 est
441 3548 610 3612 observatio
622 3563 706 3612 recte
717 3550 944 3635 pronunciandi,
958 3548 1081 3631 oequcl-

138 3635 209 3713 ὅπου,
230 3653 269 3699 nc
284 3655 385 3700 sermo
399 3635 544 3700 subsultet
559 3634 721 3721 imparibus
735 3636 839 3721 spatiis
854 3649 891 3699 nc
907 3626 1002 3712 sonis,
1011 3631 1082 3696 mis
