2459 4200
145 289 207 355 ter
432 308 468 350 ar.
490 305 582 349 rarrr
602 294 825 356 autumarent

142 460 231 539 bona,
249 478 343 522 cura:
368 450 544 542 negligentia
564 454 742 515 minuuntur.
791 442 1019 513 seremanni
1035 468 1087 514 ea-

143 545 211 609 dem
226 544 406 621 oratoribus,
424 562 499 626 quae
519 537 691 624 phonascis,
708 533 872 598 convenit:
895 547 994 598 tamen
1009 528 1095 613 mol,

142 644 172 692 ta
198 644 267 693 sunt
293 630 424 714 utrisque
455 624 636 701 communia,
658 622 782 685 firmitas
805 611 954 703 corporis,
980 638 1019 683 aa
1045 622 1085 685 ad

143 715 310 798 spadonum
326 727 355 779 et
371 712 527 777 mulierum
543 723 573 772 et
589 718 745 791 aegrorum
760 704 924 769 exilitatem
939 726 1002 769 vox
1016 725 1086 771 noa·

143 812 187 863 tra
204 814 339 863 tenuetur
356 822 363 861 ε
387 799 468 883 quod
484 795 658 871 ambulatio,
675 792 788 869 unctio,
802 780 920 854 v'eneris
935 783 1114 857 abstineo-s

143 884 195 963 tia,
215 878 309 949 sacilis
326 886 461 949 ciborum
478 879 615 965 digestio,
633 879 663 942 id
686 891 731 941 est
759 875 921 960 frugalitas,
938 892 1082 960 praestat.

145 968 307 1035 Praeterea
334 985 363 1033 ut
394 970 450 1033 sint
477 966 580 1031 lauces
607 965 749 1047 integrae,
778 962 808 1025 id
835 977 892 1039 est,
918 962 1023 1025 molles
1047 979 1086 1026 aa

143 1054 237 1131 leves,
255 1076 377 1139 quarum
394 1054 467 1117 vitio
485 1066 515 1117 et
533 1050 684 1197 srauggtur,
701 1062 732 1111 et
747 1048 934 1125 obscuratur,
950 1060 980 1109 et
995 1064 1085 1111 exas-

144 1154 273 1223 peratur,
285 1155 315 1204 et
330 1140 472 1204 scinditur
488 1160 559 1201 vox.
630 1155 679 1198 arn
694 1148 726 1197 ut
741 1132 843 1209 tibiae,
857 1132 967 1195 eodem
981 1132 1088 1216 spiritu

145 1240 285 1310 accepto,
303 1227 392 1289 alium
408 1225 529 1301 clausis,
547 1222 636 1285 alium
651 1219 761 1304 apertis
777 1217 982 1297 foraminibus,
997 1218 1087 1281 alium
1097 1237 1125 1281 to

144 1312 293 1375 nonsatis
315 1324 467 1396 purgatae,
486 1308 575 1372 alium
594 1326 721 1391 quassae
744 1324 849 1367 sonum
871 1303 1023 1367 reddunt:
1047 1304 1088 1368 ita

145 1392 246 1459 lances
267 1411 414 1459 tumentes
437 1394 615 1477 strangulant
634 1411 754 1467 vocem,
772 1389 896 1452 obtusae
911 1389 1085 1469 obscurant,

144 1498 227 1541 rasae
243 1496 431 1564 exasperant,
449 1478 611 1543 convolsae
627 1475 727 1538 fractis
747 1488 814 1539 sunt
829 1474 944 1557 organis
959 1468 1081 1537 similes.

145 1560 281 1625 Finditur
302 1566 391 1626 etiarn
413 1562 531 1646 spiritus
552 1562 675 1645 objectu
696 1560 806 1643 ali'qoo,
824 1560 902 1622 sicut
920 1552 1021 1642 lapillo
1040 1573 1088 1623 ted

144 1667 216 1711 uuas
236 1668 340 1731 aquae,
359 1670 481 1733 quarum
506 1648 602 1709 fluxus
626 1646 740 1708 etiamsi
763 1645 837 1707 ultra
859 1644 990 1729 paullum
1010 1645 1084 1724 coit,
1097 1664 1126 1709 ts
1227 1641 1228 1662 ¹

145 1732 254 1817 aliquid
271 1748 368 1797 tamen
385 1734 452 1797 cavi
470 1728 606 1817 relinquit
628 1744 696 1815 post
717 1730 747 1793 id
768 1730 877 1828 ipsum,
895 1730 974 1813 quod
990 1730 1086 1792 offen-

146 1820 239 1882 derat.
288 1818 408 1883 Humor
423 1840 541 1904 quoque
557 1838 666 1881 vocem
687 1830 737 1879 aot
755 1816 863 1878 nimios
883 1815 1019 1899 impedit,
1036 1829 1087 1880 aut

146 1918 338 1989 consumptos
362 1906 503 1969 destituit.
551 1902 630 1966 Nam
652 1900 795 1984 fatigatio,
818 1914 850 1964 ot
872 1918 1011 1985 corpora,
1028 1919 1088 1964 non

145 1988 183 2049 ad
201 2008 339 2069 praesens
362 1990 453 2051 modo
472 2003 601 2071 tempus,
619 1988 674 2050 sed
690 1988 779 2049 etiam
795 1986 823 2048 in
839 1983 967 2049 sutorum
982 1982 1086 2049 afficit.

191 2070 254 2136 Sed
270 2086 301 2135 ut
318 2074 514 2137 communiter
530 2086 559 2146 et
578 2071 738 2157 phonascis
754 2086 784 2134 et
800 2071 966 2136 oratoribus
980 2084 1123 2136 neceam
1227 2132 1228 2155 ,

145 2157 220 2220 saria
237 2157 423 2237 exercitatio,
463 2179 499 2222 ua
515 2159 612 2221 omnia
629 2158 853 2235 convalescunt,
868 2158 907 2220 ita
922 2176 1012 2220 curae
1027 2176 1088 2220 non

145 2241 225 2306 idem
237 2265 329 2328 genos
346 2259 401 2308 est.
442 2181 527 2308 llum
543 2265 640 2329 neque
656 2258 737 2306 certa
753 2257 888 2328 tempora
904 2243 942 2306 ad
958 2239 1086 2326 spatian-

146 2327 217 2392 dum
241 2331 303 2393 dari
330 2345 456 2416 possunt
485 2344 528 2394 tot
555 2330 691 2394 civilibus
718 2329 823 2392 officiis
850 2343 1012 2411 occupato,
1029 2345 1088 2392 nec

145 2433 323 2500 praeparare
344 2417 380 2479 ab
397 2417 462 2480 imis
483 2417 563 2479 sonis
581 2436 690 2478 vocem
709 2415 746 2476 ad
770 2433 915 2491 summos,
932 2435 990 2476 nec
1008 2432 1088 2476 sem·

145 2519 200 2582 per
216 2523 232 2563 a
248 2499 437 2563 contentione
453 2501 623 2563 concedere
638 2501 720 2574 licet,
738 2520 807 2561 cunr
824 2491 953 2582 pluribus
964 2496 1125 2583 judiciisss

145 2605 236 2666 saepe
261 2586 419 2647 dicendum
446 2586 493 2647 sit.
541 2583 589 2646 Nc
610 2585 745 2646 ciborum
768 2584 889 2666 quidem
913 2598 959 2646 est
981 2584 1088 2646 eadem

145 2668 326 2729 observatio·
368 2663 437 2730 Non
453 2669 531 2730 enim
547 2681 607 2730 tam
625 2669 705 2729 molli
721 2683 881 2751 teneraque
896 2689 986 2746 voce,
999 2685 1090 2752 quam

144 2748 211 2812 sorti
227 2771 261 2810 ac
278 2751 402 2812 durabili
422 2773 498 2833 opus
518 2766 587 2814 est:
611 2773 680 2812 cum
703 2752 744 2812 illi
767 2774 883 2829 omnes,
901 2753 992 2815 etiam
1007 2753 1089 2816 altis·

145 2829 234 2896 simos
259 2855 360 2911 sonos,
377 2835 486 2896 leniant
509 2849 597 2897 cantu
621 2834 692 2910 orie,
710 2834 795 2896 nobis
819 2836 958 2917 pleraque
980 2854 1090 2918 aspere

145 2919 200 2981 sint
217 2917 424 3005 concitateque
441 2920 579 2996 dicenda,
594 2932 625 2981 et
638 2918 804 3002 vigilandae
819 2931 936 2996 noctes,
951 2933 981 2982 et
996 2918 1126 3006 solignac
1227 2956 1228 2959 =

144 3005 379 3069 lucubrationum
402 2997 541 3084 bibenda,
565 3017 595 3068 et
617 3005 647 3067 in
673 3004 777 3068 sudata
799 3019 883 3068 veste
907 3004 1085 3069 durandum.

145 3089 248 3162 Quare
265 3115 372 3157 vocem
394 3093 509 3157 deliciis
532 3113 589 3154 non
613 3091 791 3169 molliamus,
808 3111 866 3154 nec
889 3090 1036 3156 imbuatur
1050 3107 1088 3156 ea

145 3177 372 3256 cousuetudine,
390 3201 466 3263 quae
490 3180 627 3242 duratura
657 3197 716 3239 uon
746 3176 807 3239 sit:
831 3169 885 3240 sed
911 3173 1088 3241 exercitatio

145 3259 208 3342 ejus
236 3263 300 3324 talis
327 3265 375 3341 sit,
394 3266 487 3346 qualis
515 3283 608 3327 usus:
633 3284 689 3326 nec
716 3262 834 3326 silentio
864 3262 1008 3341 subsidat,
1032 3259 1086 3326 sed

145 3343 275 3406 firmetur
290 3350 515 3424 consuetudine,
533 3371 590 3432 qua
606 3349 763 3412 difficultas·
780 3349 875 3412 omnis
890 3349 1015 3411 levatur.
1094 3372 1122 3415 at
1227 3422 1229 3434 ἱ

189 3427 337 3494 Ediscere
353 3441 464 3510 autem,
482 3456 541 3517 quo
558 3434 739 3510 exercearis,
758 3434 814 3496 erit
829 3434 996 3517 optimum:
1018 3449 1085 3496 nam

146 3538 183 3578 ex
200 3531 335 3615 ternpore
352 3516 486 3580 direntes
502 3533 609 3583 avocat
625 3541 642 3582 a
658 3538 728 3583 cura
743 3519 827 3582 vocis
844 3519 905 3598 ille,
922 3519 971 3602 qui
986 3538 1026 3582 ex
1039 3533 1086 3581 re·-

144 3600 199 3664 bus
216 3602 287 3686 ipsrs
303 3601 481 3687 concipitur,
500 3603 650 3668 affectus:
675 3618 705 3668 et
725 3604 860 3667 ediscere
880 3619 970 3688 quam
992 3603 1085 3668 maxi·

1225 3699 1229 3787 ²

1227 651 1229 718 t
