2459 4200
169 257 248 320 116·
458 271 495 314 rr.
516 271 610 315 rsnrr
629 236 852 322 oriturarum

166 427 277 489 mnam
300 425 480 507 poetarum:
504 419 646 504 multique
668 418 734 505 ejus
751 417 900 503 judicium
921 429 1106 500 sequuntur:

165 531 261 607 neque
277 508 436 571 immerito.
478 505 622 589 Namque
640 505 677 568 ab
697 504 743 566 his
763 518 794 566 et
814 503 844 565 in
864 502 951 565 rebus
974 500 1105 585 spiritus,

166 607 196 656 et
211 615 241 656 1n
256 593 355 656 verbis
377 591 553 669 sublimitas,
571 605 600 653 et
615 590 644 652 in
660 588 818 652 affectibus
838 601 935 650 motus
950 585 1058 663 omnis,
1075 597 1110 658 et

165 678 196 741 in
211 677 347 776 personis
360 678 455 740 decor
464 677 584 762 petitur,
596 674 817 773 praecipueque
829 673 911 736 velut
925 671 1022 734 attrita
1032 691 1107 754 quo·

166 763 280 826 tidrano
298 777 366 826 actu
385 761 492 825 forensi
514 761 642 844 ingenia,
659 759 772 843 optime
788 779 887 820 rerum
906 757 1010 819 talium
1023 755 1128 818 blan-o
1223 790 1224 793 =

167 847 239 911 ditia
261 861 441 933 reparantur.
489 845 625 929 Ideoque
647 845 678 906 in
699 844 756 906 hac
778 842 909 906 lectione
924 841 1040 904 Cicero
1059 860 1107 902 re·

168 931 381 1016 quiescendum
396 945 490 1016 putat.

212 1015 439 1080 Meminerimus
455 1032 564 1092 tamen,
578 1035 638 1076 non
652 1035 706 1097 per
721 1012 821 1075 omnia
836 1014 941 1096 poetas
956 1030 1024 1072 esse
1040 1029 1109 1071 ora·

167 1101 225 1164 tori
240 1102 422 1185 sequendos,
439 1123 497 1164 nec
512 1101 648 1162 libertate
662 1100 834 1174 verborum,
850 1117 908 1158 nec
922 1093 1042 1157 licentia
1054 1093 1109 1176 fig·

169 1207 286 1249 uratum
302 1208 311 1263 ;
334 1207 426 1269 genus
442 1184 631 1249 ostentationi
647 1195 865 1266 comparatum,
881 1194 913 1241 et
930 1192 1049 1262 praeter
1064 1177 1107 1256 id,
1117 1197 1143 1236 ro
1216 1154 1222 1231 i

169 1271 250 1356 quod
265 1271 360 1334 solam
375 1272 450 1355 petit
465 1272 660 1354 voluptatem,
672 1282 703 1330 et
718 1288 797 1342 eam,
810 1265 948 1348 fingendo
962 1285 1022 1326 non
1036 1261 1110 1326 falsa
1219 1238 1225 1415 ι

168 1356 273 1432 modo,
291 1355 345 1420 sed
366 1357 456 1420 etiarn
471 1355 618 1440 quaedam
636 1351 832 1426 incredibilia,
850 1363 992 1425 sectatur,
1009 1361 1109 1431 patro·

169 1440 248 1502 cinio
264 1460 382 1522 quoque
396 1440 497 1523 aliquo
508 1439 606 1523 juvari
622 1459 629 1498 :
652 1437 733 1518 quod
744 1435 861 1517 alligata
876 1435 915 1496 ad
926 1447 1039 1496 certam
1054 1445 1109 1515 pe·

169 1523 239 1584 dum
263 1523 472 1585 necessitatem
492 1543 551 1584 non
575 1519 759 1603 semperuti
781 1519 909 1603 propriis
931 1517 1038 1601 possit,
1054 1517 1110 1580 sed

169 1605 292 1690 depulsa
308 1621 389 1668 recta
405 1608 464 1683 via,
477 1605 648 1669 necessario
663 1604 702 1666 ad
720 1603 879 1686 eloquendi
894 1603 1040 1686 quaedam
1057 1602 1144 1665 de·1s

168 1690 312 1753 verticula
327 1689 499 1775 confugiat:
523 1711 580 1752 nec
599 1701 713 1751 mutare
729 1688 876 1771 quaedam
898 1688 990 1749 modo
1005 1686 1110 1766 verba,
1222 1618 1225 1761 i

169 1775 224 1839 sed
239 1777 414 1854 extendere,
429 1776 592 1860 corripere,
606 1786 797 1851 convertere,
810 1773 944 1834 dividere
958 1785 1084 1854 cogatur
1101 1793 1109 1832 :
1142 1842 1147 1853 N

169 1883 224 1924 nos
240 1883 314 1924 vero
335 1876 463 1926 armatos
480 1875 558 1924 stare
574 1859 603 1921 in
618 1859 697 1938 acie,
714 1871 744 1921 et
759 1857 881 1921 summis
897 1857 935 1919 de
952 1856 1041 1918 rebus
1056 1856 1110 1918 de·

170 1966 305 2020 cernere,
323 1960 353 2007 et
368 1946 406 2007 ad
421 1945 578 2009 victoriam
593 1944 656 2006 niti.
977 2013 981 2021 Ι
1221 2001 1225 2016 ,

212 2027 320 2111 Neque
335 2049 391 2111 ego
407 2051 488 2092 arma
507 2029 642 2113 squalere
663 2028 722 2090 situ
736 2049 773 2090 ac
789 2027 921 2111 rubigine
936 2026 1038 2104 velim,
1055 2026 1143 2089 sedeo

169 2112 313 2196 fulgorem
329 2114 439 2192 inesse,
457 2115 507 2198 qui
529 2128 650 2188 terreat,
668 2114 761 2197 qualis
781 2127 828 2175 est
846 2112 927 2190 serti,
944 2133 1004 2195 quo
1025 2132 1111 2175 mens

170 2198 256 2262 simul
276 2198 417 2283 visusque
440 2199 684 2284 praestringitur:
707 2220 766 2261 non
781 2197 875 2281 qualis
897 2197 960 2261 auri
983 2196 1111 2279 argenti·

170 2304 239 2368 que,
257 2284 394 2363 imbellis,
412 2298 440 2349 et
457 2286 554 2369 potius
569 2284 689 2348 habenti
704 2283 899 2368 periculosus.
957 2301 959 2306 ·
1221 2289 1225 2320 ’

215 2368 350 2435 Historia
362 2392 480 2455 quoque
497 2372 575 2434 alere
587 2370 749 2433 orationem
762 2369 891 2452 quodam
907 2366 991 2431 uberi
1002 2366 1110 2450 jucun·

171 2456 270 2538 doque
285 2477 379 2519 succo
395 2470 503 2537 potest.
552 2454 670 2516 Verum
685 2468 715 2515 et
730 2453 794 2535 ipsa
810 2454 854 2515 sic
870 2468 917 2516 est
930 2452 1067 2535 legenda,
1078 2464 1146 2514 utus

170 2540 311 2614 sciamus,
329 2540 483 2622 plerasque
507 2538 571 2621 ejus
593 2538 716 2599 virtutes
739 2537 849 2599 oratori
870 2560 939 2601 esse
962 2537 1125 2621 vitandas..

170 2621 228 2683 Est
250 2622 330 2683 enim
352 2621 488 2704 proxima
510 2621 622 2703 pob'tis,
639 2635 670 2682 et
684 2621 908 2704 quodammodo
923 2643 1044 2685 carmen
1059 2642 1110 2683 so·

169 2704 262 2767 lutum
278 2726 285 2764 :
310 2719 340 2767 et
355 2704 491 2767 scribitur
507 2705 544 2767 ad
565 2706 751 2781 narrandum,
769 2727 828 2767 non
844 2708 882 2769 ad
896 2707 1109 2789 probandum:

169 2800 324 2871 totumque
343 2810 417 2872 opus
437 2810 496 2855 uon
515 2789 552 2850 ad
572 2804 670 2851 actum
691 2788 746 2865 rei,
763 2807 1110 2886 pugnamquepraesen·¹

170 2887 243 2949 tem,
261 2873 316 2935 sed
341 2874 378 2937 ad
402 2873 577 2935 memoriam
604 2871 783 2955 posteritatis
810 2887 841 2934 ct
865 2873 973 2955 ingenii
998 2872 1147 2945 famaman

170 2958 383 3043 componitur:
408 2958 535 3042 ideoque
554 2971 583 3020 et
604 2956 702 3019 verbis
723 2958 942 3035 remotioribus,
959 2972 991 3020 et
1008 2956 1110 3023 liberi·

170 3044 271 3109 oribus
285 3045 385 3129 figuris
401 3044 536 3109 narrandi
550 3042 682 3106 taedium
697 3042 797 3105 evitat.
1053 3041 1056 3047 '

214 3129 334 3215 Itaque,
351 3146 383 3195 ut
408 3131 483 3209 dixi,
500 3151 597 3213 neque
620 3128 669 3191 illa
693 3127 869 3193 Sallustiana
894 3130 1035 3206 brevitas,
1052 3150 1110 3213 qua

170 3215 241 3275 nibil
256 3217 333 3297 apud
349 3238 435 3279 aures
451 3238 560 3279 vacuas
582 3228 671 3297 atque
694 3214 822 3278 eruditas
844 3228 1026 3297 potestesse
1042 3236 1109 3297 per·

170 3296 289 3373 sectius,
307 3300 386 3379 apud
407 3313 587 3382 occupatum
604 3299 694 3362 variis
715 3300 941 3383 cogitationibus
959 3299 1146 3383 judicem,as

86 3426 88 3431 .
172 3394 202 3445 et
224 3380 341 3463 saepius
365 3381 552 3459 ineruditum,
569 3385 715 3467 captanda
737 3384 823 3447 nobis
850 3397 920 3447 est:
942 3406 1039 3467 neque
1061 3383 1111 3447 illa

171 3464 254 3529 Livii
268 3464 364 3527 lactea
380 3465 498 3529 ubertas
514 3467 585 3530 satis
601 3469 725 3531 docebit
739 3490 820 3543 eum,
836 3469 886 3551 qui
901 3491 961 3532 non
975 3492 990 3532 s
1012 3468 1111 3532 eciem

172 3548 379 3637 expositionis,
393 3550 450 3614 sed
467 3551 557 3615 fidem
573 3553 696 3636 quaerit.
744 3552 849 3629 Adde,
865 3556 946 3635 quod
968 3492 1016 3615 td.
1033 3552 1110 3617 Tul·
