2459 4200
157 274 220 341 162
446 288 483 337 tt.
504 288 599 335 reru
618 286 842 345 conuertitur

154 464 219 521 ero,
232 442 351 527 Equitio
368 438 500 507 Romani
515 462 583 505 esse
598 439 702 514 filiurn,
714 459 748 501 se
762 435 951 501 defendente·
985 436 1031 505 At
1046 436 1096 502 ille

153 526 225 597 feeit
246 529 306 593 hoc
328 527 420 591 etinor
438 524 610 598 favorabile,
628 522 836 607 conjungendo
854 542 925 585 cum
942 521 1097 606 judicibus

153 613 325 695 dignitatern
346 633 440 677 suam.
476 606 613 691 'Equitio
631 618 729 671 auem
747 607 881 670 Romani
901 626 960 670 esst
974 606 1092 690 filiurn,

153 698 293 763 criminin
309 699 373 761 loeo
388 696 463 778 poni
484 695 522 757 nb
538 694 777 768 stemmatibus,
793 710 886 773 neque
906 692 989 757 nobs
1004 694 1095 775 judi·

154 784 291 847 entitur
305 782 446 864 oportuit,
464 800 557 863 neque
573 778 801 861 defendentibus
815 776 912 841 nobit.
1101 799 1119 839 e

198 866 373 951 Irnpudeos‚
390 866 579 941 tumultuose,
599 864 738 929 iracunde
752 863 845 939 notio,
858 860 997 927 omuibus
1011 861 1098 929 inde*

153 973 248 1019 corn:
273 954 328 1017 sed
354 952 530 1034 utquisque
553 964 661 1026 aetate,
678 948 831 1030 dignitate,
847 969 903 1013 usu
927 946 1095 1030 praeeedit,

130 1037 246 1119 ,nugis
261 1037 291 1101 in
311 1058 347 1101 ee
366 1035 639 1119 reprehendendus.
688 1033 804 1098 Videes
827 1046 926 1095 autern
947 1031 1097 1097 rixatores

152 1122 298 1205 quosdam
313 1142 410 1204 neque
429 1120 567 1205 judicum
581 1119 762 1195 reverentie,
777 1138 874 1200 oeque
888 1116 993 1200 egendi
1009 1138 1095 1187 more

153 1226 190 1271 nc
206 1208 309 1284 rnod0,
322 1205 467 1271 contineri
483 1227 491 1269 t
514 1226 573 1287 quo
585 1205 624 1267 ab
636 1204 703 1286 ipso
718 1202 825 1266 mentis
840 1202 939 1265 habitu
956 1200 1130 1275 manlios-rr

154 1302 216 1355 tum
232 1292 280 1368 sit,
298 1308 358 1355 torn
374 1292 403 1355 in
420 1290 629 1372 suscipiendis,
647 1310 737 1372 quern
755 1286 920 1369 iungendis
935 1286 1036 1352 causis
1049 1288 1096 1353 ui-

154 1374 193 1437 hil
210 1377 293 1459 pensi
310 1377 429 1441 hebere.
478 1372 598 1437 Profert
614 1374 694 1436 enirn
716 1394 815 1434 mores
836 1372 1010 1457 plerumque
1026 1394 1095 1434 ore·

153 1459 207 1536 tio,
225 1475 256 1522 et
277 1462 366 1523 enimi
390 1474 505 1523 secrete
529 1458 650 1540 detegit.
697 1456 765 1519 Nec
787 1456 851 1519 sine
874 1478 963 1518 cause
978 1455 1094 1519 Graeci

152 1544 357 1625 prodiderunt,
382 1546 420 1606 Ut
435 1546 526 1614 uiuat,
545 1563 687 1624 putentque
702 1543 793 1604 ctiam
808 1542 918 1603 dicere.

196 1626 365 1691 Humiliora
396 1628 444 1689 illa
474 1627 568 1689 vitia:
600 1627 758 1689 summisse
788 1626 930 1702 ndnlntio,
954 1626 1129 1689 effectntars

152 1712 323 1790 scurrilitas,
341 1713 370 1779 in
390 1714 478 1777 rebus
495 1732 530 1775 nc
552 1712 653 1775 verbis
674 1732 778 1795 porum
797 1711 940 1777 modestis
955 1732 991 1775 ee
1007 1712 1094 1793 podia

153 1798 197 1869 eis
220 1798 284 1865 vilis
307 1800 414 1883 pudor,
439 1798 467 1864 in
494 1796 574 1860 omni
601 1797 724 1880 negotio
747 1797 883 1879 neglecte
909 1796 1095 1876 auctoritns;

152 1904 228 1980 quae
245 1883 307 1949 lere
322 1885 461 1951 recidunt
481 1883 528 1960 iis,
545 1884 595 1966 qui
617 1882 741 1947 nimium
758 1897 808 1947 eut
826 1882 926 1948 blaudi
947 1903 1025 1962 esse,
1042 1895 1098 1952 aut

153 1968 267 2033 ridiculi
283 1970 394 2033 volunt.

194 2051 300 2134 Ipsum
316 2052 406 2116 etiarn
422 2051 610 2134 eloquentiae
625 2073 717 2135 genus
733 2045 808 2118 elios
823 2047 901 2116 eliud
917 2052 1017 2118 decet.
1098 2069 1126 2109 eo

194 2135 274 2201 Nem
300 2158 396 2220 neque
423 2151 483 2200 tern
510 2137 641 2220 pleuuto,
660 2152 690 2203 et
716 2152 860 2213 erectum,
879 2152 910 2204 et
932 2139 1042 2214 audax,
1060 2149 1093 2201 et

151 2222 336 2306 menuiturn
352 2223 471 2290 senibus
487 2223 674 2301 convenerit,
690 2245 781 2307 quam
790 2244 943 2306 pressum,
961 2235 992 2285 et
1007 2221 1092 2302 mite,

152 2321 182 2371 et
196 2309 340 2387 limatum,
352 2323 383 2376 ct
397 2309 485 2393 quale
501 2309 621 2392 intelligi
637 2310 698 2373 vult
710 2307 835 2385 Cicero,
848 2330 917 2374 oum
928 2307 1011 2385 dicit,
1025 2327 1092 2372 orn·

152 2392 263 2458 tionem
279 2417 362 2460 surm
378 2395 517 2478 coepisse
533 2415 712 2470 conessum
735 2394 812 2456 sicut
827 2393 957 2458 vestibus
972 2413 1092 2474 quoquc

150 2498 210 2542 non
226 2501 354 2563 purpure
373 2500 530 2560 coccoque
553 2478 730 2560 fulgentibus
751 2478 800 2540 illa
822 2493 905 2544 netas
927 2479 999 2543 satis
1022 2491 1128 2560 aptae

150 2563 200 2627 sit.
248 2563 282 2626 lu
302 2563 462 2648 juvenibus
482 2563 571 2627 etism
594 2563 730 2626 uberiore
748 2563 860 2646 paullo,
878 2577 909 2628 et
926 2584 1023 2646 paene
1038 2583 1092 2644 pe·

150 2645 305 2707 riclitantie
321 2645 461 2710 seruntur.
510 2646 553 2710 At
569 2648 597 2712 io
613 2648 719 2710 iisdem
735 2647 862 2722 siccum,
873 2662 904 2710 et
918 2647 1093 2726 sollicitum,

150 2741 182 2790 et
202 2744 386 2792 contractum
409 2728 529 2792 dicendi
552 2731 749 2812 propositum,
766 2731 941 2814 plerumque
966 2732 1091 2796 effecte·

148 2811 229 2878 tione
245 2811 309 2894 ipse
325 2810 490 2878 severitatis
503 2813 627 2875 invisum
644 2827 714 2875 est:
736 2813 857 2893 quondo
868 2813 957 2874 etiem
973 2835 1095 2882 tuorum

149 2895 249 2960 senilis
265 2894 423 2960 auctoritas
441 2894 593 2959 immature
609 2894 849 2960 adolescentibus
864 2895 1006 2961 creditur.
1101 2918 1128 2958 no

194 2980 386 3065 Simpliciore
402 2979 540 3048 militares
553 2979 672 3044 decent.
721 2978 949 3062 Philosophiam
964 3002 1003 3043 ex
1019 3003 1091 3064 pro.

149 3064 242 3144 lesse,
259 3081 291 3132 ut
320 3067 441 3152 quidem
470 3064 591 3140 fuciunt,
609 3065 836 3142 ostentantibus,
857 3087 961 3148 parurn
985 3066 1091 3136 decori

148 3168 215 3214 sunt
238 3153 372 3234 plerique
394 3150 535 3216 orationis
558 3164 690 3224 ornatus,
708 3150 898 3234 meximeque
915 3172 955 3212 ex
974 3152 1091 3219 affecti-

147 3235 214 3310 bus,
231 3257 308 3316 quoe
322 3236 363 3300 illi
379 3235 449 3300 vitio
464 3236 575 3298 dicunt.
624 3233 728 3299 Verba
744 3256 862 3319 quoque
883 3237 1087 3319 exquisitiore,

148 3331 178 3380 et
200 3319 380 3399 compositio
402 3341 561 3386 numerosa
587 3319 638 3386 teli
664 3320 820 3403 proposito
842 3322 972 3389 diverse.
1017 3319 1125 3388 Nonne

147 3401 226 3464 entim
241 3402 304 3464 sole
320 3403 367 3467 ille
382 3403 516 3481 laetiore,
529 3405 657 3487 qualine
674 3405 829 3473 Cicerone
841 3406 989 3485 dicuutur,
1003 3408 1087 3476 Saxa

147 3495 233 3578 utque
248 3488 426 3554 solitudines
440 3491 506 3554 uoci
521 3492 700 3574 respondent
715 3513 725 3566 ‚·
748 3492 803 3556 sed
819 3491 909 3557 etiem
924 3491 986 3568 illa,
996 3513 1087 3574 quen·

147 3593 238 3654 unm
250 3573 338 3657 dens
353 3573 513 3656 eeugdnis,
532 3577 589 3646 Ver
603 3577 684 3644 enim
692 3577 773 3660 jun,
784 3573 902 3642 eruunt
916 3579 1027 3646 tunuli
1041 3587 1091 3645 σιι,
