2459 4200
361 273 516 320 sessura
533 273 684 330 onenru
701 278 839 325 carran.
1045 267 1089 334 ω

140 425 318 505 militudine‚
337 425 409 490 dum
424 426 521 506 brevi,
540 442 570 492 at
584 429 789 509 translatione,
805 444 894 517 atque
913 431 978 496 aliis
994 434 1089 521 tropis

139 512 234 597 (quae
258 511 360 576 omnia
383 512 463 576 nauti
484 513 524 576 illi
545 534 581 577 no
603 514 758 599 diligentes
780 517 951 602 probibent)
970 533 1089 588 utemur

138 598 282 661 interime
306 597 363 662 nisi
382 598 408 661 si
424 597 473 662 cui
489 599 589 663 divina
611 600 660 663 illa
681 623 738 685 pro
761 600 886 688 Ligurio
907 603 1024 668 ironias
1047 607 1087 671 de

138 703 199 768 qun
213 683 305 768 paulo
319 697 388 746 unte
405 682 552 762 dixeram,
570 684 718 770 displicet.

106 795 120 836 e
157 769 159 773 ’
187 767 468 844 Aliaexordiorum
490 769 561 832 vitia
583 771 682 835 verius
705 772 898 837 tradiderunt.
946 771 1089 846 Quod'n

140 853 241 939 plures
254 875 361 918 causus
376 855 600 918 accommodari
618 870 729 942 potest,
745 859 874 941 vulgare
890 857 1020 923 dicitur:
1043 860 1086 941 id,

139 939 235 1004 minus
251 939 428 1018 favorabile,
446 940 602 1023 aliquando
619 957 792 1007 tamennon
808 943 949 1008 inutiliter
962 945 1086 1010 assumi·

138 1045 229 1088 mus:
255 1023 370 1108 maguis
388 1045 480 1110 saepe
495 1027 663 1092 oratoribus
685 1049 746 1092 nnn
765 1028 920 1094 evitatum.
966 1029 1041 1102 Quo
1055 1045 1088 1096 et

139 1110 329 1174 adversarius
352 1111 392 1174 uti
417 1124 526 1194 potest,
544 1133 699 1182 commune
721 1114 909 1199 appelletur:
931 1117 1013 1200 quod
1032 1116 1087 1179 rd-

106 1195 290 1258 reversmius
302 1195 330 1258 in
345 1217 429 1258 sunm
445 1196 599 1262 utilitatem
615 1199 780 1262 deflectere
795 1213 909 1282 potest,
922 1209 1087 1262 commotu·

143 1279 229 1342 bile:
250 1281 331 1363 quod
347 1301 453 1344 causae
468 1303 529 1344 non
548 1284 704 1359 cohaeret,
721 1293 915 1363 reparatum:
938 1283 1020 1366 quod
1034 1282 1087 1345 nli-

140 1364 221 1435 unde
251 1365 384 1445 trabitur,
415 1368 621 1430 translatum:
651 1381 807 1452 praeterea
837 1367 917 1450 quod
948 1367 1086 1451 longum,

139 1450 221 1534 qnod
236 1460 344 1514 contro
355 1461 518 1537 proereptn
533 1467 579 1516 est
594 1473 600 1514 :
625 1474 751 1551 quorum
769 1452 913 1538 pleraque
931 1472 992 1516 nnn
1006 1453 1086 1537 priri-

139 1535 211 1619 nipii
226 1537 321 1600 modo
336 1550 404 1600 sunt
418 1536 501 1614 vitia,
518 1539 573 1601 sed
588 1552 677 1602 totius
693 1537 846 1602 orationis.

106 1641 132 1684 ts
184 1619 275 1688 Haeo
292 1622 330 1690 de
342 1623 508 1705 prooemio,
526 1623 644 1707 quoties
662 1623 718 1686 erit
734 1623 799 1709 ejus
813 1644 907 1688 usus:
931 1644 991 1686 nou
1005 1643 1086 1686 sem·

138 1727 196 1791 pet
209 1721 312 1771 tutem
327 1721 395 1770 est:
418 1729 486 1774 num
509 1721 539 1771 et
562 1729 782 1791 supervacuum
803 1709 962 1791 aliquando
984 1708 1087 1784 est,si

139 1791 178 1854 sit
200 1806 394 1876 praeparatus
417 1792 488 1855 satis
511 1793 601 1856 etiarn
623 1794 688 1856 sine
710 1794 769 1855 boo
788 1792 897 1875 judex,
913 1804 965 1853 nut
989 1790 1014 1852 si
1037 1809 1087 1853 rer

140 1877 367 1973 praeparatione
387 1899 447 1940 non
468 1891 564 1960 egeat.
612 1876 796 1943 Aristoteles
811 1876 933 1958 quidem
947 1874 978 1936 in
992 1886 1088 1938 tumn

142 1961 174 2022 rd
189 1962 391 2024 necessarium
407 1962 485 2046 apud
509 1961 603 2024 bunos
626 1961 747 2046 judices
766 1974 865 2044 negat.
912 1958 1087 2044 Aliquando

105 2058 244 2110 notamen
258 2047 312 2125 uti,
328 2067 386 2111 nen
402 2047 427 2110 si
443 2047 579 2124 velimus,
598 2047 735 2125 enicet,
752 2067 823 2110 oum
841 2044 938 2131 judex
953 2064 1086 2129 oocupa-

140 2145 200 2210 tus,
219 2152 290 2195 oum
305 2146 428 2214 angusta
442 2145 511 2194 sunt
530 2146 679 2215 tempora,
695 2152 767 2194 oum
782 2130 879 2215 major
896 2142 1031 2215 potestas
1048 2130 1087 2191 nb

140 2215 207 2301 ipsa
223 2237 257 2279 re
272 2216 354 2299 cogit
368 2217 512 2300 incipere.

186 2300 362 2384 Conuaque
383 2315 430 2364 est
451 2300 568 2365 iuterim
586 2297 733 2382 prooemii
748 2298 794 2360 vis
815 2296 905 2359 etiam
922 2316 984 2358 unu
999 2317 1088 2359 exor-

142 2384 205 2448 dio.
252 2384 331 2448 Nam
349 2384 482 2471 judices,
501 2398 532 2446 et
546 2382 576 2445 in
590 2380 760 2443 narratione
775 2394 997 2462 nonnunquam,
1014 2380 1089 2443 etin

107 2470 336 2553 sargumentin
354 2484 386 2533 ut
408 2468 571 2546 attendant,
588 2480 621 2531 et
642 2480 674 2529 ut
696 2464 826 2543 faveant,
843 2484 1004 2549 rogamus:
1028 2485 1089 2550 quo

142 2554 297 2619 Prodicus
312 2554 394 2619 velut
408 2554 601 2617 dormitantes
616 2574 671 2617 eos
686 2551 812 2615 excitari
831 2550 978 2635 putabat3
995 2550 1089 2698 quale

141 2654 201 2718 nst,
223 2640 306 2703 Turn
333 2639 372 2707 C.
397 2640 545 2716 Vorenus,
566 2640 595 2700 ir
617 2638 670 2721 qui
692 2658 712 2699 o
730 2635 861 2719 snmllin
882 2634 995 2699 derbe
1026 2656 1090 2701 nnn

144 2726 261 2788 oneum
283 2735 335 2787 ert.
386 2723 484 2807 (Hoc,
508 2744 629 2806 quatro,
647 2723 781 2808 judiees,
805 2722 972 2804 diligenter
992 2714 1087 2787 altem

143 2810 234 2894 dite.)
284 2808 400 2892 Utique
423 2809 448 2873 si
468 2809 628 2895 multiplex
649 2823 820 2886 causaest,
844 2828 899 2870 suu
920 2807 1088 2896 quibusque

108 2896 278 2981 uparribus
294 2895 391 2959 danda
407 2892 551 2979 praelatio
567 2910 613 2958 est
629 2916 637 2956 t
661 2908 703 2971 ut,
717 2893 831 2956 Audite
846 2914 929 2955 nune
944 2893 1089 2975 aliquot

142 2995 186 3059 et,
209 2981 348 3044 ttamen
363 3000 445 3043 nune
459 2980 548 3043 illuc.
598 2980 665 3043 Sed
680 2979 709 3041 iu
725 2979 797 3061 ipsis
812 2978 904 3039 etium
974 2975 1090 3036 burlou·

143 3065 212 3129 ibus
227 3066 318 3129 multa
334 3064 490 3150 iunguntur
509 3064 658 3149 prooemii
672 3063 754 3137 vice,
771 3077 803 3122 ut
817 3058 889 3121 sauir
935 3058 1019 3119 icero
1034 3074 1090 3137 pro

145 3149 303 3227 Cluentio,
320 3151 453 3215 dicturus
469 3164 574 3213 coutrn
595 3166 740 3208 censores
754 3164 763 3216 ;
787 3163 841 3225 pro
863 3138 1004 3218 Murena,
1021 3158 1090 3203 oum

145 3234 270 3305 Servio·
289 3258 322 3299 se
346 3250 482 3301 excuset.
531 3235 648 3296 Verum
670 3229 702 3293 id
723 3226 905 3311 frequentius
926 3240 984 3307 est,
1001 3246 1092 3313 quant

108 3336 177 3387 snut
192 3322 341 3407 exemplis
356 3320 594 3387 confirmandum
610 3318 658 3381 sit.

188 3406 321 3483 Quoties
344 3424 445 3473 autem
468 3404 625 3492 prooemio
644 3400 785 3466 fuerimus
806 3402 864 3480 usi,
881 3415 956 3479 tum,
973 3401 1038 3465 sire
1052 3397 1091 3460 ad

143 3494 371 3579 expositionem
382 3492 583 3568 transibimus,
597 3489 661 3552 sive
676 3487 810 3573 protinus
822 3488 858 3551 ad
872 3486 1089 3573 probationem.

145 3578 177 3641 id
192 3580 318 3643 debebit
332 3580 362 3641 iu
373 3577 526 3661 ‘principio
543 3589 728 3660 postremum
748 3596 828 3650 esse,
845 3572 895 3635 oui
909 3561 1091 3633 commodis»

143 3662 219 3729 sime
237 3664 326 3751 jungi
341 3663 456 3726 initium
471 3659 718 3745 consequentium
733 3658 854 3743 poterit.
