2459 4200
162 279 205 337 4⁴
454 285 491 331 u.
511 286 605 332 rann
624 283 849 338 catastarum

209 438 286 515 Sed,
303 453 335 502 ut
353 459 413 501 non
432 459 553 523 semper
571 437 754 515 necessaria,
772 452 822 501 aut
839 437 918 504 utilis
932 436 1023 500 etiam
1039 459 1106 523 par-

163 525 226 591 titio
242 538 299 601 est,
317 524 358 592 ita
373 545 393 588 o
416 538 543 610 portune
562 524 694 587 adhibita
713 523 871 608 plurimum
890 523 1014 588 orationi
1029 523 1107 591 lueis

162 625 193 674 et
206 609 318 700 gratim
334 547 460 674 conlata.
500 609 609 694 Neque
626 609 706 673 enim
721 609 818 672 solum
834 609 864 672 id
880 609 984 687 efficit,
998 623 1030 673 ut
1045 609 1107 671 cla·

162 696 241 760 riora
253 697 335 776 fiant,
347 716 424 781 quae
440 695 588 773 dicuntur,
600 697 690 759 rebus
701 694 784 758 velut
798 717 837 758 ex
854 695 939 758 turba
951 694 1106 772 extractis,

163 796 193 847 et
207 783 237 845 iu
252 795 418 866 conspectu
430 781 567 868 judicum
584 781 713 866 positis:
737 780 792 843 sed
809 780 905 842 reficit
921 801 1041 864 quoque
1056 801 1108 842 au·
1126 801 1140 840 s

163 869 294 932 dientem
306 882 391 931 certo
406 867 583 950 singularum
599 866 726 951 partium
741 866 821 927 fine:
838 887 896 927 non
912 864 1008 941 aliter,
1020 886 1110 949 quam

162 951 340 1016 facientibus
356 953 423 1031 iter,
442 953 565 1018 multum
581 952 736 1014 detrabunt
751 948 929 1033 fatigationis
947 964 1048 1014 notata
1064 950 1108 1012 iu-

163 1038 281 1122 scriptis
297 1038 443 1123 lapidibus
459 1037 564 1122 spatia.
601 1035 681 1099 Nam
695 1050 727 1098 et
741 1035 879 1098 exhausti
893 1035 1003 1100 laboris
1017 1056 1111 1099 nosse

161 1145 333 1188 mensuram
356 1123 500 1208 voluptati
524 1137 581 1200 est,
604 1136 636 1186 et
657 1122 789 1184 hortatur
810 1121 847 1183 ad
870 1120 983 1204 reliqua
1004 1118 1109 1184 lortius

163 1210 352 1293 exequenda,
379 1209 457 1272 scire
483 1223 623 1292 quantum
649 1207 789 1292 supersit.
834 1205 918 1268 Nihil
942 1205 1142 1268 eniminum

162 1317 233 1382 gum
248 1295 341 1360 videri
360 1316 486 1358 necesse
508 1307 564 1373 est,
587 1293 616 1356 in
640 1314 711 1376 quo,
728 1291 801 1379 quid
821 1290 955 1354 ultimum
974 1291 1024 1368 sit,
1041 1313 1108 1354 cer·

162 1394 225 1443 tum
242 1396 299 1444 est.
346 1379 415 1444 Nec
430 1380 579 1443 immerito
598 1379 722 1440 multum
743 1399 782 1440 ex
798 1376 947 1460 diligentia
962 1377 1108 1461 partiendi

162 1465 228 1526 tulit
247 1465 342 1528 laudis
364 1464 408 1534 Q.
428 1463 629 1531 Hortensius:
652 1461 739 1545 eujus
759 1476 858 1524 tamen
874 1462 1062 1541 divisionem,
1078 1463 1109 1532 iu

164 1549 271 1632 digitos
288 1548 453 1625 diductam,
471 1569 678 1638 nonnunquam
695 1546 810 1610 Cicero
825 1547 932 1611 leviter
948 1549 1050 1612 eludit.

206 1631 287 1697 Nam
302 1647 349 1698 est
367 1655 436 1700 suus
458 1647 488 1696 et
508 1633 535 1695 in
557 1647 644 1716 gestu
667 1633 786 1710 modus,
804 1646 835 1695 et
850 1635 969 1698 vitanda
984 1650 1016 1697 ut
1030 1655 1108 1718 quae
1116 1656 1143 1696 ιο

164 1719 294 1788 maxime
324 1719 448 1788 concisa
475 1718 598 1782 nimium
623 1732 654 1784 et
677 1718 759 1781 velut
785 1718 945 1782 articulosa
972 1720 1103 1804 partitio.

163 1804 242 1874 Nam
258 1819 290 1870 et
305 1804 470 1869 auctoritati
515 1804 651 1868 luritnum
671 1804 827 1868 detrahunt
845 1803 957 1868 minuta
972 1805 1032 1883 illa,
1048 1826 1108 1870 nee

159 1891 223 1976 jam
243 1893 389 1970 membra,
407 1891 461 1955 sed
484 1827 598 1954 dusta:
623 1905 653 1955 et
674 1889 761 1975 hujus
784 1889 894 1974 gloriae
917 1890 1029 1974 cupidi,
1046 1911 1108 1975 quo

163 1976 297 2042 subtilius
318 1990 349 2040 et
368 1975 522 2060 copiosius
536 1976 674 2040 divisisse
690 1975 856 2054 videantur,
873 1990 904 2038 et
921 1998 1108 2060 supervacua
1225 2044 1227 2063 ,

163 2076 327 2140 assumunt,
345 2075 387 2141 et,
405 2083 482 2148 quae
500 2075 603 2127 natura
622 2062 778 2147 singularia
799 2076 877 2140 sunt,
901 2074 1026 2127 secant:
1049 2084 1143 2127 necat
1224 2125 1225 2130 ,

162 2161 224 2212 tam
245 2148 330 2234 plura
350 2147 473 2227 faciunt,
491 2170 579 2234 quam
602 2149 739 2213 minora:
764 2148 873 2213 deinde
888 2170 958 2212 cum
973 2146 1110 2213 lecerunt

162 2235 243 2301 mille
259 2235 430 2320 particulas,
448 2236 477 2298 in
496 2236 623 2299 eandem
642 2235 774 2299 incidunt
794 2234 1017 2312 obscuritatem,
1035 2256 1107 2298 con·

163 2334 207 2384 tra
221 2343 311 2406 quam
326 2322 445 2406 partitio
461 2321 580 2385 inventa
596 2336 652 2385 est.

207 2406 250 2470 Et
266 2408 360 2471 divisa
376 2422 407 2471 et
421 2407 550 2490 simplex
565 2406 742 2491 propositio,
760 2407 877 2489 quoties
898 2406 1006 2470 utiliter
1025 2406 1106 2469 adhi-

163 2492 227 2555 beri
242 2504 353 2573 potest,
366 2492 494 2573 primum
506 2492 596 2554 debet
612 2513 680 2553 esse
696 2504 797 2573 aperta
813 2505 900 2573 atque
911 2491 1011 2554 lucida
1026 2490 1145 2575 (namus

164 2576 234 2659 quid
250 2574 287 2637 sit
302 2574 426 2658 turpius,
445 2594 534 2655 quam
549 2574 579 2636 id
594 2596 662 2637 esse
678 2574 839 2637 obscurum
854 2575 963 2659 ipsum,
981 2578 1061 2661 quod
1078 2578 1108 2640 iu

164 2682 234 2723 eum
258 2659 354 2723 solum
373 2658 530 2723 adhibetur
554 2682 652 2737 usum,
669 2682 707 2722 ne
730 2660 787 2723 siut
810 2675 913 2724 cetera
935 2663 1064 2725 obscura
1077 2662 1105 2746 i)

164 2760 226 2809 tum
247 2741 360 2822 brevis,
377 2766 435 2807 nec
455 2744 514 2806 ullo
538 2766 725 2829 supervacuo
744 2761 865 2809 onerata
884 2748 989 2813 verbo.
1037 2747 1107 2811 Non

164 2830 255 2909 enim,
272 2829 344 2912 quid
363 2829 509 2907 dieamuS,
531 2830 596 2906 sed,
614 2830 653 2891 de
672 2849 733 2913 quo
749 2829 856 2893 dicturi
875 2854 988 2910 sumus,
1006 2848 1108 2896 osten·

165 2916 272 2983 dimus.

208 3000 411 3067 Obtinendum
433 2999 535 3081 etiam,
553 3022 590 3063 ne
609 2999 681 3085 quid
698 2999 727 3062 in
746 3022 782 3065 ea
803 3001 892 3079 desit,
909 3023 948 3065 ne
966 3001 1037 3084 quid
1060 3024 1111 3066 su·

165 3090 266 3175 pessit.
318 3086 465 3173 Superest
487 3102 587 3153 autem
610 3087 654 3151 sic
676 3084 751 3165 iere,
772 3110 842 3151 cum
864 3101 916 3151 aut
937 3088 967 3151 in
988 3088 1109 3172 species

164 3176 318 3257 partimur,
334 3173 416 3257 quod
438 3174 467 3237 in
490 3196 598 3258 genera
621 3172 721 3259 partiri
744 3173 782 3237 sit
804 3174 898 3251 satis3
921 3188 982 3251 aut,
999 3195 1109 3257 genere

165 3258 276 3342 posito,
294 3258 448 3341 subjicitur
469 3260 611 3347 species:
634 3273 667 3325 ut
685 3259 710 3323 si
729 3260 828 3323 dicam
846 3261 885 3323 de
911 3259 1030 3337 virtute,
1043 3259 1109 3345 jus·

165 3342 240 3420 titia,
258 3342 460 3406 continentias
484 3365 553 3406 eum
565 3343 681 3429 justitia
695 3360 784 3435 atque
798 3345 980 3409 continentia
994 3345 1144 3411 virtutisne
1221 3419 1224 3438 1

166 3428 225 3493 sint
240 3426 369 3513 species.

211 3512 338 3581 Partitio
355 3512 448 3597 prima
463 3526 520 3590 est,
538 3513 608 3597 quid
626 3514 675 3591 sit,
689 3515 728 3578 de
744 3536 804 3598 quo
818 3515 979 3579 conveniat
992 3537 1001 3593 3
1024 3517 1108 3601 qm'd,

127 3612 132 3620 '
168 3600 207 3665 de
221 3622 281 3686 quo
297 3598 470 3683 ambigatur.
518 3597 555 3662 In
571 3621 622 3679 eo,
639 3600 720 3684 quod
742 3600 894 3679 convenit,
911 3601 983 3685 quid
1003 3604 1110 3667 advar-
