<?xml version="1.0" encoding="UTF-8"?>
<!DOCTYPE html PUBLIC "-//W3C//DTD XHTML 1.0 Transitional//EN"
    "http://www.w3.org/TR/xhtml1/DTD/xhtml1-transitional.dtd">
<html xmlns="http://www.w3.org/1999/xhtml" xml:lang="en" lang="en">
 <head>
  <title>
</title>
<meta http-equiv="Content-Type" content="text/html;charset=utf-8" />
  <meta name='ocr-system' content='tesseract 3.04.00' />
  <meta name='ocr-capabilities' content='ocr_page ocr_carea ocr_par ocr_line ocrx_word'/>
</head>
<body>
  <div class='ocr_page' id='page_1' title='image "./mfabiiquinctili00aldegoog_0218.png"; bbox 0 0 2459 4200; ppageno 0'>
   <div class='ocr_carea' id='block_1_1' title="bbox 159 291 843 362">
    <p class='ocr_par' dir='ltr' id='par_1_1' title="bbox 159 291 843 362">
     <span class='ocr_line' id='line_1_1' title="bbox 159 291 843 362; baseline -0.013 -3"><span class='ocrx_word' id='word_1_1' title='bbox 159 291 225 359; x_wconf 76' lang='lat'>212</span> <span class='ocrx_word' id='word_1_2' title='bbox 451 308 488 355; x_wconf 85' lang='lat' dir='ltr'>rt.</span> <span class='ocrx_word' id='word_1_3' title='bbox 508 305 601 355; x_wconf 79' lang='lat' dir='ltr'>rarrr</span> <span class='ocrx_word' id='word_1_4' title='bbox 620 298 843 362; x_wconf 75' lang='lat' dir='ltr'>ournrrnrnru</span> 
     </span>
    </p>
   </div>
   <div class='ocr_carea' id='block_1_2' title="bbox 160 453 1104 1227">
    <p class='ocr_par' dir='ltr' id='par_1_2' title="bbox 160 453 1104 889">
     <span class='ocr_line' id='line_1_2' title="bbox 160 453 1104 563; baseline -0.002 -34"><span class='ocrx_word' id='word_1_5' title='bbox 160 464 285 529; x_wconf 79' lang='lat' dir='ltr'>malibus</span> <span class='ocrx_word' id='word_1_6' title='bbox 300 478 467 563; x_wconf 75' lang='lat' dir='ltr'>separasse,</span> <span class='ocrx_word' id='word_1_7' title='bbox 485 481 544 525; x_wconf 92' lang='lat' dir='ltr'>non</span> <span class='ocrx_word' id='word_1_8' title='bbox 559 475 679 545; x_wconf 82' lang='lat' dir='ltr'>parens,</span> <span class='ocrx_word' id='word_1_9' title='bbox 693 460 747 524; x_wconf 86' lang='lat' dir='ltr'>sed</span> <span class='ocrx_word' id='word_1_10' title='bbox 762 475 895 522; x_wconf 89' lang='lat' dir='ltr'>noverca</span> <span class='ocrx_word' id='word_1_11' title='bbox 909 453 1005 540; x_wconf 82' lang='lat' dir='ltr'>luerit,</span> <span class='ocrx_word' id='word_1_12' title='bbox 1017 462 1044 526; x_wconf 84' lang='lat' dir='ltr'>ai</span> <span class='ocrx_word' id='word_1_13' title='bbox 1058 460 1104 527; x_wconf 66' lang='lat' dir='ltr'>la⁴</span> 
     </span>
     <span class='ocr_line' id='line_1_3' title="bbox 160 545 1104 628; baseline -0.001 -15"><span class='ocrx_word' id='word_1_14' title='bbox 160 549 300 613; x_wconf 88' lang='lat' dir='ltr'>cultatem</span> <span class='ocrx_word' id='word_1_15' title='bbox 316 550 448 628; x_wconf 86' lang='lat' dir='ltr'>drcendi,</span> <span class='ocrx_word' id='word_1_16' title='bbox 466 547 580 613; x_wconf 82' lang='lat' dir='ltr'><strong>sociam</strong></span> <span class='ocrx_word' id='word_1_17' title='bbox 602 546 763 623; x_wconf 89' lang='lat' dir='ltr'>scelerum,</span> <span class='ocrx_word' id='word_1_18' title='bbox 780 545 935 607; x_wconf 88' lang='lat' dir='ltr'>adversam</span> <span class='ocrx_word' id='word_1_19' title='bbox 957 546 1104 612; x_wconf 56' lang='lat' dir='ltr'>innocen*</span> 
     </span>
     <span class='ocr_line' id='line_1_4' title="bbox 160 628 1103 714; baseline -0.002 -15"><span class='ocrx_word' id='word_1_20' title='bbox 160 634 230 714; x_wconf 87' lang='lat' dir='ltr'>tiae,</span> <span class='ocrx_word' id='word_1_21' title='bbox 251 635 369 699; x_wconf 79' lang='lat' dir='ltr'>bostem</span> <span class='ocrx_word' id='word_1_22' title='bbox 398 631 529 701; x_wconf 85' lang='lat' dir='ltr'>veritatis</span> <span class='ocrx_word' id='word_1_23' title='bbox 559 631 680 695; x_wconf 89' lang='lat' dir='ltr'>invenit.</span> <span class='ocrx_word' id='word_1_24' title='bbox 728 628 832 693; x_wconf 86' lang='lat' dir='ltr'>Mutus</span> <span class='ocrx_word' id='word_1_25' title='bbox 855 630 936 693; x_wconf 86' lang='lat' dir='ltr'>enim</span> <span class='ocrx_word' id='word_1_26' title='bbox 957 633 1052 712; x_wconf 90' lang='lat' dir='ltr'>nasci,</span> <span class='ocrx_word' id='word_1_27' title='bbox 1069 650 1103 697; x_wconf 92' lang='lat' dir='ltr'>et</span> 
     </span>
     <span class='ocr_line' id='line_1_5' title="bbox 160 715 1103 805; baseline -0.001 -22"><span class='ocrx_word' id='word_1_28' title='bbox 160 741 249 805; x_wconf 81' lang='lat' dir='ltr'>egere</span> <span class='ocrx_word' id='word_1_29' title='bbox 277 721 357 784; x_wconf 91' lang='lat' dir='ltr'>omni</span> <span class='ocrx_word' id='word_1_30' title='bbox 387 720 512 797; x_wconf 86' lang='lat' dir='ltr'>ratione,</span> <span class='ocrx_word' id='word_1_31' title='bbox 535 718 625 781; x_wconf 87' lang='lat' dir='ltr'>satius</span> <span class='ocrx_word' id='word_1_32' title='bbox 648 715 763 793; x_wconf 83' lang='lat' dir='ltr'>fuisset,</span> <span class='ocrx_word' id='word_1_33' title='bbox 781 736 869 798; x_wconf 87' lang='lat' dir='ltr'>quam</span> <span class='ocrx_word' id='word_1_34' title='bbox 895 718 1103 800; x_wconf 80' lang='lat' dir='ltr'>providentiae</span> 
     </span>
     <span class='ocr_line' id='line_1_6' title="bbox 160 802 851 889; baseline -0.012 -20"><span class='ocrx_word' id='word_1_35' title='bbox 160 826 282 869; x_wconf 87' lang='lat' dir='ltr'>munera</span> <span class='ocrx_word' id='word_1_36' title='bbox 297 805 326 869; x_wconf 91' lang='lat' dir='ltr'>in</span> <span class='ocrx_word' id='word_1_37' title='bbox 341 820 471 871; x_wconf 89' lang='lat' dir='ltr'>mutuam</span> <span class='ocrx_word' id='word_1_38' title='bbox 485 802 649 889; x_wconf 86' lang='lat' dir='ltr'>perniciem</span> <span class='ocrx_word' id='word_1_39' title='bbox 665 815 851 864; x_wconf 84' lang='lat' dir='ltr'>convertere.</span> 
     </span>
    </p>

    <p class='ocr_par' dir='ltr' id='par_1_3' title="bbox 161 884 1101 1227">
     <span class='ocr_line' id='line_1_7' title="bbox 205 884 1099 977; baseline -0.001 -24"><span class='ocrx_word' id='word_1_40' title='bbox 205 888 339 977; x_wconf 82' lang='lat' dir='ltr'><strong>Longius</strong></span> <span class='ocrx_word' id='word_1_41' title='bbox 363 892 457 954; x_wconf 88' lang='lat' dir='ltr'>tendit</span> <span class='ocrx_word' id='word_1_42' title='bbox 478 890 537 952; x_wconf 90' lang='lat' dir='ltr'>lroc</span> <span class='ocrx_word' id='word_1_43' title='bbox 556 887 706 975; x_wconf 87' lang='lat' dir='ltr'>judicium</span> <span class='ocrx_word' id='word_1_44' title='bbox 731 907 842 949; x_wconf 88' lang='lat' dir='ltr'>meum.</span> <span class='ocrx_word' id='word_1_45' title='bbox 889 884 999 970; x_wconf 82' lang='lat' dir='ltr'>Neque</span> <span class='ocrx_word' id='word_1_46' title='bbox 1021 888 1099 952; x_wconf 89' lang='lat' dir='ltr'>enitrt</span> 
     </span>
     <span class='ocr_line' id='line_1_8' title="bbox 161 970 1099 1058; baseline -0.004 -19"><span class='ocrx_word' id='word_1_47' title='bbox 161 989 272 1039; x_wconf 88' lang='lat' dir='ltr'>tanturn</span> <span class='ocrx_word' id='word_1_48' title='bbox 289 976 318 1039; x_wconf 95' lang='lat' dir='ltr'>id</span> <span class='ocrx_word' id='word_1_49' title='bbox 333 976 416 1054; x_wconf 90' lang='lat' dir='ltr'>dico,</span> <span class='ocrx_word' id='word_1_50' title='bbox 436 996 514 1052; x_wconf 88' lang='lat' dir='ltr'>eum,</span> <span class='ocrx_word' id='word_1_51' title='bbox 533 974 582 1058; x_wconf 91' lang='lat' dir='ltr'>qui</span> <span class='ocrx_word' id='word_1_52' title='bbox 603 971 673 1033; x_wconf 92' lang='lat' dir='ltr'>mibi</span> <span class='ocrx_word' id='word_1_53' title='bbox 694 971 732 1035; x_wconf 93' lang='lat' dir='ltr'>sit</span> <span class='ocrx_word' id='word_1_54' title='bbox 751 985 862 1049; x_wconf 90' lang='lat' dir='ltr'>orator,</span> <span class='ocrx_word' id='word_1_55' title='bbox 880 970 974 1034; x_wconf 85' lang='lat' dir='ltr'>virum</span> <span class='ocrx_word' id='word_1_56' title='bbox 989 972 1099 1036; x_wconf 90' lang='lat' dir='ltr'>bonum</span> 
     </span>
     <span class='ocr_line' id='line_1_9' title="bbox 161 1055 1099 1141; baseline -0.002 -18"><span class='ocrx_word' id='word_1_57' title='bbox 161 1082 228 1124; x_wconf 86' lang='lat' dir='ltr'>esse</span> <span class='ocrx_word' id='word_1_58' title='bbox 251 1082 270 1123; x_wconf 91' lang='grc' dir='ltr'>ο</span> <span class='ocrx_word' id='word_1_59' title='bbox 293 1074 413 1124; x_wconf 86' lang='lat' dir='ltr'>ortere:</span> <span class='ocrx_word' id='word_1_60' title='bbox 437 1061 490 1124; x_wconf 88' lang='lat' dir='ltr'>sed</span> <span class='ocrx_word' id='word_1_61' title='bbox 514 1082 550 1121; x_wconf 88' lang='lat' dir='ltr'>ne</span> <span class='ocrx_word' id='word_1_62' title='bbox 573 1055 702 1121; x_wconf 80' lang='lat' dir='ltr'>futurum</span> <span class='ocrx_word' id='word_1_63' title='bbox 724 1057 846 1141; x_wconf 90' lang='lat' dir='ltr'>quidem</span> <span class='ocrx_word' id='word_1_64' title='bbox 867 1070 1027 1135; x_wconf 84' lang='lat' dir='ltr'>oratorem,</span> <span class='ocrx_word' id='word_1_65' title='bbox 1043 1058 1099 1122; x_wconf 91' lang='lat' dir='ltr'>nisi</span> 
     </span>
     <span class='ocr_line' id='line_1_10' title="bbox 161 1082 1101 1227; baseline -0.002 -18"><span class='ocrx_word' id='word_1_66' title='bbox 161 1146 256 1209; x_wconf 89' lang='lat' dir='ltr'>virum</span> <span class='ocrx_word' id='word_1_67' title='bbox 271 1082 394 1209; x_wconf 70' lang='lat' dir='ltr'>bouum.</span> <span class='ocrx_word' id='word_1_68' title='bbox 432 1145 510 1209; x_wconf 91' lang='lat' dir='ltr'>Nam</span> <span class='ocrx_word' id='word_1_69' title='bbox 526 1158 607 1207; x_wconf 90' lang='lat' dir='ltr'>certe</span> <span class='ocrx_word' id='word_1_70' title='bbox 622 1164 720 1227; x_wconf 90' lang='lat' dir='ltr'>neque</span> <span class='ocrx_word' id='word_1_71' title='bbox 738 1141 959 1225; x_wconf 84' lang='lat' dir='ltr'>intelligentiam</span> <span class='ocrx_word' id='word_1_72' title='bbox 974 1163 1101 1207; x_wconf 64' lang='lat' dir='ltr'>conces⁴</span> 
     </span>
    </p>
   </div>
   <div class='ocr_carea' id='block_1_3' title="bbox 158 1226 1135 1641">
    <p class='ocr_par' dir='ltr' id='par_1_4' title="bbox 158 1226 1135 1641">
     <span class='ocr_line' id='line_1_11' title="bbox 161 1226 1135 1317; baseline 0 -22"><span class='ocrx_word' id='word_1_73' title='bbox 161 1231 235 1295; x_wconf 88' lang='lat' dir='ltr'>seris</span> <span class='ocrx_word' id='word_1_74' title='bbox 251 1231 298 1310; x_wconf 93' lang='lat' dir='ltr'>iis,</span> <span class='ocrx_word' id='word_1_75' title='bbox 316 1232 379 1317; x_wconf 94' lang='lat' dir='ltr'>qui,</span> <span class='ocrx_word' id='word_1_76' title='bbox 396 1231 549 1316; x_wconf 86' lang='lat' dir='ltr'>proposita</span> <span class='ocrx_word' id='word_1_77' title='bbox 567 1226 762 1292; x_wconf 88' lang='lat' dir='ltr'>bonestorum</span> <span class='ocrx_word' id='word_1_78' title='bbox 777 1248 812 1290; x_wconf 90' lang='lat' dir='ltr'>ac</span> <span class='ocrx_word' id='word_1_79' title='bbox 827 1227 956 1311; x_wconf 88' lang='lat' dir='ltr'>turpium</span> <span class='ocrx_word' id='word_1_80' title='bbox 972 1228 1033 1307; x_wconf 83' lang='lat' dir='ltr'>via,</span> <span class='ocrx_word' id='word_1_81' title='bbox 1046 1252 1100 1314; x_wconf 90' lang='lat' dir='ltr'>pe·</span> <span class='ocrx_word' id='word_1_82' title='bbox 1110 1256 1135 1295; x_wconf 81' lang='lat' dir='ltr'>ro</span> 
     </span>
     <span class='ocr_line' id='line_1_12' title="bbox 158 1312 1100 1402; baseline -0.002 -23"><span class='ocrx_word' id='word_1_83' title='bbox 158 1316 257 1402; x_wconf 89' lang='lat' dir='ltr'>jorem</span> <span class='ocrx_word' id='word_1_84' title='bbox 274 1318 357 1402; x_wconf 84' lang='lat' dir='ltr'>sequi</span> <span class='ocrx_word' id='word_1_85' title='bbox 373 1319 493 1395; x_wconf 86' lang='lat' dir='ltr'>malent,</span> <span class='ocrx_word' id='word_1_86' title='bbox 510 1336 605 1401; x_wconf 88' lang='lat' dir='ltr'>neque</span> <span class='ocrx_word' id='word_1_87' title='bbox 620 1312 816 1398; x_wconf 86' lang='lat' dir='ltr'>prudentiam,</span> <span class='ocrx_word' id='word_1_88' title='bbox 834 1334 903 1375; x_wconf 92' lang='lat' dir='ltr'>cnm</span> <span class='ocrx_word' id='word_1_89' title='bbox 918 1313 948 1375; x_wconf 89' lang='lat' dir='ltr'>in</span> <span class='ocrx_word' id='word_1_90' title='bbox 963 1315 1100 1396; x_wconf 81' lang='lat' dir='ltr'>gravissi·</span> 
     </span>
     <span class='ocr_line' id='line_1_13' title="bbox 162 1397 1098 1487; baseline -0.001 -23"><span class='ocrx_word' id='word_1_91' title='bbox 162 1422 224 1465; x_wconf 90' lang='lat' dir='ltr'>mas</span> <span class='ocrx_word' id='word_1_92' title='bbox 239 1402 409 1487; x_wconf 82' lang='lat' dir='ltr'>frequenter</span> <span class='ocrx_word' id='word_1_93' title='bbox 424 1403 533 1487; x_wconf 79' lang='lat' dir='ltr'>legum,</span> <span class='ocrx_word' id='word_1_94' title='bbox 549 1420 669 1483; x_wconf 87' lang='lat' dir='ltr'>semper</span> <span class='ocrx_word' id='word_1_95' title='bbox 684 1420 755 1461; x_wconf 90' lang='lat' dir='ltr'>vero</span> <span class='ocrx_word' id='word_1_96' title='bbox 774 1397 868 1461; x_wconf 90' lang='lat' dir='ltr'>malae</span> <span class='ocrx_word' id='word_1_97' title='bbox 884 1399 1098 1480; x_wconf 85' lang='lat' dir='ltr'>conscientiae,</span> 
     </span>
     <span class='ocr_line' id='line_1_14' title="bbox 159 1484 1096 1641; baseline -0.002 -91"><span class='ocrx_word' id='word_1_98' title='bbox 159 1505 273 1641; x_wconf 51' lang='lat' dir='ltr'>piram</span> <span class='ocrx_word' id='word_1_99' title='bbox 293 1508 309 1550; x_wconf 86' lang='lat' dir='ltr'>a</span> <span class='ocrx_word' id='word_1_100' title='bbox 330 1503 425 1550; x_wconf 87' lang='lat' dir='ltr'>semet</span> <span class='ocrx_word' id='word_1_101' title='bbox 445 1488 517 1571; x_wconf 90' lang='lat' dir='ltr'>ipsis</span> <span class='ocrx_word' id='word_1_102' title='bbox 538 1485 702 1569; x_wconf 91' lang='lat' dir='ltr'>improviso</span> <span class='ocrx_word' id='word_1_103' title='bbox 716 1506 814 1546; x_wconf 89' lang='lat' dir='ltr'>rerum</span> <span class='ocrx_word' id='word_1_104' title='bbox 830 1484 911 1546; x_wconf 84' lang='lat' dir='ltr'>exitu</span> <span class='ocrx_word' id='word_1_105' title='bbox 932 1484 1096 1548; x_wconf 85' lang='lat' dir='ltr'>induantur.</span> 
     </span>
    </p>
   </div>
   <div class='ocr_carea' id='block_1_4' title="bbox 159 1567 1220 3692">
    <p class='ocr_par' dir='ltr' id='par_1_5' title="bbox 160 1567 1134 1823">
     <span class='ocr_line' id='line_1_15' title="bbox 195 1567 1101 1649; baseline 0.003 -18"><span class='ocrx_word' id='word_1_106' title='bbox 195 1572 254 1632; x_wconf 90' lang='lat' dir='ltr'>uod</span> <span class='ocrx_word' id='word_1_107' title='bbox 267 1570 291 1633; x_wconf 87' lang='lat' dir='ltr'>si</span> <span class='ocrx_word' id='word_1_108' title='bbox 307 1567 455 1633; x_wconf 88' lang='lat' dir='ltr'>neminem</span> <span class='ocrx_word' id='word_1_109' title='bbox 471 1572 578 1633; x_wconf 90' lang='lat' dir='ltr'>malum</span> <span class='ocrx_word' id='word_1_110' title='bbox 589 1591 670 1644; x_wconf 87' lang='lat' dir='ltr'>esse,</span> <span class='ocrx_word' id='word_1_111' title='bbox 684 1569 739 1631; x_wconf 94' lang='lat' dir='ltr'>nisi</span> <span class='ocrx_word' id='word_1_112' title='bbox 755 1569 874 1631; x_wconf 91' lang='lat' dir='ltr'>stultum</span> <span class='ocrx_word' id='word_1_113' title='bbox 887 1570 1027 1649; x_wconf 89' lang='lat' dir='ltr'>eundem,</span> <span class='ocrx_word' id='word_1_114' title='bbox 1041 1593 1101 1634; x_wconf 90' lang='lat' dir='ltr'>non</span> 
     </span>
     <span class='ocr_line' id='line_1_16' title="bbox 161 1654 1134 1740; baseline 0.004 -23"><span class='ocrx_word' id='word_1_115' title='bbox 161 1654 251 1718; x_wconf 91' lang='lat' dir='ltr'>modo</span> <span class='ocrx_word' id='word_1_116' title='bbox 274 1676 292 1719; x_wconf 89' lang='lat' dir='ltr'>a</span> <span class='ocrx_word' id='word_1_117' title='bbox 314 1655 495 1739; x_wconf 84' lang='lat' dir='ltr'>sapientibus</span> <span class='ocrx_word' id='word_1_118' title='bbox 519 1655 638 1732; x_wconf 90' lang='lat' dir='ltr'>dicitur,</span> <span class='ocrx_word' id='word_1_119' title='bbox 656 1654 709 1717; x_wconf 91' lang='lat' dir='ltr'>sed</span> <span class='ocrx_word' id='word_1_120' title='bbox 732 1655 820 1737; x_wconf 85' lang='lat' dir='ltr'>vulgo</span> <span class='ocrx_word' id='word_1_121' title='bbox 840 1676 958 1739; x_wconf 89' lang='lat' dir='ltr'>quoque</span> <span class='ocrx_word' id='word_1_122' title='bbox 980 1678 1101 1740; x_wconf 83' lang='lat' dir='ltr'>semper</span> <span class='ocrx_word' id='word_1_123' title='bbox 1109 1683 1134 1721; x_wconf 82' lang='lat' dir='ltr'>rs</span> 
     </span>
     <span class='ocr_line' id='line_1_17' title="bbox 160 1740 1022 1823; baseline -0.002 -20"><span class='ocrx_word' id='word_1_124' title='bbox 160 1753 206 1803; x_wconf 87' lang='lat' dir='ltr'>est</span> <span class='ocrx_word' id='word_1_125' title='bbox 221 1741 367 1805; x_wconf 89' lang='lat' dir='ltr'>creditum</span> <span class='ocrx_word' id='word_1_126' title='bbox 384 1762 391 1805; x_wconf 78' lang='lat' dir='ltr'>r</span> <span class='ocrx_word' id='word_1_127' title='bbox 415 1755 498 1805; x_wconf 90' lang='lat' dir='ltr'>certe</span> <span class='ocrx_word' id='word_1_128' title='bbox 513 1762 571 1804; x_wconf 89' lang='lat' dir='ltr'>non</span> <span class='ocrx_word' id='word_1_129' title='bbox 586 1740 638 1803; x_wconf 89' lang='lat' dir='ltr'>liet</span> <span class='ocrx_word' id='word_1_130' title='bbox 652 1760 779 1823; x_wconf 91' lang='lat' dir='ltr'>unquam</span> <span class='ocrx_word' id='word_1_131' title='bbox 795 1741 901 1803; x_wconf 91' lang='lat' dir='ltr'>stultus</span> <span class='ocrx_word' id='word_1_132' title='bbox 916 1755 1022 1803; x_wconf 89' lang='lat' dir='ltr'>orator.</span> 
     </span>
    </p>

    <p class='ocr_par' dir='ltr' id='par_1_6' title="bbox 159 1822 1220 3692">
     <span class='ocr_line' id='line_1_18' title="bbox 205 1822 1099 1912; baseline 0.001 -22"><span class='ocrx_word' id='word_1_133' title='bbox 205 1822 299 1892; x_wconf 81' lang='lat' dir='ltr'>Adde</span> <span class='ocrx_word' id='word_1_134' title='bbox 315 1828 395 1912; x_wconf 86' lang='lat' dir='ltr'>quod</span> <span class='ocrx_word' id='word_1_135' title='bbox 416 1844 454 1891; x_wconf 88' lang='lat' dir='ltr'>tte</span> <span class='ocrx_word' id='word_1_136' title='bbox 474 1827 571 1891; x_wconf 91' lang='lat' dir='ltr'>studio</span> <span class='ocrx_word' id='word_1_137' title='bbox 587 1825 707 1910; x_wconf 88' lang='lat' dir='ltr'>quidem</span> <span class='ocrx_word' id='word_1_138' title='bbox 723 1825 823 1910; x_wconf 89' lang='lat' dir='ltr'>operis</span> <span class='ocrx_word' id='word_1_139' title='bbox 841 1825 1033 1910; x_wconf 88' lang='lat' dir='ltr'>pulcherrimi</span> <span class='ocrx_word' id='word_1_140' title='bbox 1047 1848 1099 1891; x_wconf 86' lang='lat' dir='ltr'>va·</span> 
     </span>
     <span class='ocr_line' id='line_1_19' title="bbox 160 1911 1101 1995; baseline 0 -20"><span class='ocrx_word' id='word_1_141' title='bbox 160 1926 231 1975; x_wconf 80' lang='lat' dir='ltr'>care</span> <span class='ocrx_word' id='word_1_142' title='bbox 255 1928 350 1989; x_wconf 85' lang='lat' dir='ltr'>mens,</span> <span class='ocrx_word' id='word_1_143' title='bbox 368 1913 423 1977; x_wconf 89' lang='lat' dir='ltr'>nisi</span> <span class='ocrx_word' id='word_1_144' title='bbox 446 1914 581 1976; x_wconf 89' lang='lat' dir='ltr'>omnibus</span> <span class='ocrx_word' id='word_1_145' title='bbox 604 1912 682 1974; x_wconf 87' lang='lat' dir='ltr'>vitiis</span> <span class='ocrx_word' id='word_1_146' title='bbox 704 1911 808 1988; x_wconf 84' lang='lat' dir='ltr'>libera,</span> <span class='ocrx_word' id='word_1_147' title='bbox 826 1924 949 1995; x_wconf 90' lang='lat' dir='ltr'>potest:</span> <span class='ocrx_word' id='word_1_148' title='bbox 973 1911 1101 1995; x_wconf 89' lang='lat' dir='ltr'>primunr</span> 
     </span>
     <span class='ocr_line' id='line_1_20' title="bbox 160 1996 1099 2082; baseline 0.003 -25"><span class='ocrx_word' id='word_1_149' title='bbox 160 1996 240 2079; x_wconf 86' lang='lat' dir='ltr'>quud</span> <span class='ocrx_word' id='word_1_150' title='bbox 255 1996 286 2056; x_wconf 82' lang='lat' dir='ltr'>itt</span> <span class='ocrx_word' id='word_1_151' title='bbox 301 1998 410 2058; x_wconf 82' lang='lat' dir='ltr'>eodem</span> <span class='ocrx_word' id='word_1_152' title='bbox 424 2012 550 2079; x_wconf 86' lang='lat' dir='ltr'>pectore</span> <span class='ocrx_word' id='word_1_153' title='bbox 565 1996 675 2059; x_wconf 92' lang='lat' dir='ltr'>nullum</span> <span class='ocrx_word' id='word_1_154' title='bbox 690 2011 736 2059; x_wconf 91' lang='lat' dir='ltr'>est</span> <span class='ocrx_word' id='word_1_155' title='bbox 750 1996 942 2059; x_wconf 91' lang='lat' dir='ltr'>bonestorum</span> <span class='ocrx_word' id='word_1_156' title='bbox 958 1997 1099 2082; x_wconf 88' lang='lat' dir='ltr'>turpium·</span> 
     </span>
     <span class='ocr_line' id='line_1_21' title="bbox 160 2078 1132 2166; baseline 0.005 -25"><span class='ocrx_word' id='word_1_157' title='bbox 160 2101 218 2166; x_wconf 91' lang='lat' dir='ltr'>que</span> <span class='ocrx_word' id='word_1_158' title='bbox 233 2078 427 2160; x_wconf 84' lang='lat' dir='ltr'>consortium,</span> <span class='ocrx_word' id='word_1_159' title='bbox 444 2095 473 2144; x_wconf 87' lang='lat' dir='ltr'>et</span> <span class='ocrx_word' id='word_1_160' title='bbox 495 2081 626 2166; x_wconf 83' lang='lat' dir='ltr'>cogitare</span> <span class='ocrx_word' id='word_1_161' title='bbox 646 2080 758 2166; x_wconf 89' lang='lat' dir='ltr'>optima</span> <span class='ocrx_word' id='word_1_162' title='bbox 778 2082 920 2146; x_wconf 90' lang='lat' dir='ltr'>simulac</span> <span class='ocrx_word' id='word_1_163' title='bbox 941 2083 1132 2148; x_wconf 76' lang='lat' dir='ltr'>deterrimam</span> 
     </span>
     <span class='ocr_line' id='line_1_22' title="bbox 160 2166 1098 2254; baseline 0.004 -26"><span class='ocrx_word' id='word_1_164' title='bbox 160 2187 219 2228; x_wconf 93' lang='lat' dir='ltr'>non</span> <span class='ocrx_word' id='word_1_165' title='bbox 241 2166 333 2250; x_wconf 82' lang='lat' dir='ltr'>magis</span> <span class='ocrx_word' id='word_1_166' title='bbox 355 2181 400 2230; x_wconf 90' lang='lat' dir='ltr'>est</span> <span class='ocrx_word' id='word_1_167' title='bbox 420 2167 503 2231; x_wconf 89' lang='lat' dir='ltr'>unius</span> <span class='ocrx_word' id='word_1_168' title='bbox 526 2167 626 2245; x_wconf 90' lang='lat' dir='ltr'>animi,</span> <span class='ocrx_word' id='word_1_169' title='bbox 644 2183 732 2251; x_wconf 85' lang='lat' dir='ltr'>quam</span> <span class='ocrx_word' id='word_1_170' title='bbox 752 2167 885 2254; x_wconf 89' lang='lat' dir='ltr'>ejusdem</span> <span class='ocrx_word' id='word_1_171' title='bbox 901 2169 1029 2232; x_wconf 91' lang='lat' dir='ltr'>hominis</span> <span class='ocrx_word' id='word_1_172' title='bbox 1045 2170 1098 2232; x_wconf 92' lang='lat' dir='ltr'>bo-</span> 
     </span>
     <span class='ocr_line' id='line_1_23' title="bbox 160 2253 1100 2339; baseline 0.004 -25"><span class='ocrx_word' id='word_1_173' title='bbox 160 2274 229 2315; x_wconf 90' lang='lat' dir='ltr'>num</span> <span class='ocrx_word' id='word_1_174' title='bbox 246 2274 312 2316; x_wconf 88' lang='lat' dir='ltr'>esse</span> <span class='ocrx_word' id='word_1_175' title='bbox 329 2275 364 2316; x_wconf 89' lang='lat' dir='ltr'>ac</span> <span class='ocrx_word' id='word_1_176' title='bbox 386 2253 519 2316; x_wconf 89' lang='lat' dir='ltr'>malum:</span> <span class='ocrx_word' id='word_1_177' title='bbox 543 2270 604 2318; x_wconf 93' lang='lat' dir='ltr'>tum</span> <span class='ocrx_word' id='word_1_178' title='bbox 628 2254 676 2316; x_wconf 92' lang='lat' dir='ltr'>illa</span> <span class='ocrx_word' id='word_1_179' title='bbox 697 2275 815 2337; x_wconf 90' lang='lat' dir='ltr'>quoque</span> <span class='ocrx_word' id='word_1_180' title='bbox 838 2275 878 2316; x_wconf 86' lang='lat' dir='ltr'>ex</span> <span class='ocrx_word' id='word_1_181' title='bbox 900 2276 1001 2330; x_wconf 86' lang='lat' dir='ltr'>causa,</span> <span class='ocrx_word' id='word_1_182' title='bbox 1020 2255 1100 2339; x_wconf 91' lang='lat' dir='ltr'>quod</span> 
     </span>
     <span class='ocr_line' id='line_1_24' title="bbox 160 2339 1100 2417; baseline 0.003 -17"><span class='ocrx_word' id='word_1_183' title='bbox 160 2352 290 2401; x_wconf 89' lang='lat' dir='ltr'>mentem</span> <span class='ocrx_word' id='word_1_184' title='bbox 306 2353 403 2402; x_wconf 90' lang='lat' dir='ltr'>tantae</span> <span class='ocrx_word' id='word_1_185' title='bbox 420 2339 462 2402; x_wconf 92' lang='lat' dir='ltr'>rei</span> <span class='ocrx_word' id='word_1_186' title='bbox 478 2340 630 2416; x_wconf 88' lang='lat' dir='ltr'>intentam,</span> <span class='ocrx_word' id='word_1_187' title='bbox 647 2361 754 2402; x_wconf 87' lang='lat' dir='ltr'>vacare</span> <span class='ocrx_word' id='word_1_188' title='bbox 770 2339 904 2402; x_wconf 91' lang='lat' dir='ltr'>omnibus</span> <span class='ocrx_word' id='word_1_189' title='bbox 920 2339 996 2417; x_wconf 89' lang='lat' dir='ltr'>aliis,</span> <span class='ocrx_word' id='word_1_190' title='bbox 1010 2340 1100 2403; x_wconf 88' lang='lat' dir='ltr'>etiam</span> 
     </span>
     <span class='ocr_line' id='line_1_25' title="bbox 161 2424 1097 2509; baseline 0.002 -23"><span class='ocrx_word' id='word_1_191' title='bbox 161 2424 249 2508; x_wconf 88' lang='lat' dir='ltr'>culpa</span> <span class='ocrx_word' id='word_1_192' title='bbox 265 2426 443 2501; x_wconf 86' lang='lat' dir='ltr'>carentibus,</span> <span class='ocrx_word' id='word_1_193' title='bbox 461 2426 539 2488; x_wconf 90' lang='lat' dir='ltr'>curis</span> <span class='ocrx_word' id='word_1_194' title='bbox 556 2439 684 2509; x_wconf 90' lang='lat' dir='ltr'>oportet.</span> <span class='ocrx_word' id='word_1_195' title='bbox 732 2424 779 2487; x_wconf 88' lang='lat' dir='ltr'>Ita</span> <span class='ocrx_word' id='word_1_196' title='bbox 795 2425 915 2487; x_wconf 91' lang='lat' dir='ltr'>demum</span> <span class='ocrx_word' id='word_1_197' title='bbox 930 2425 1008 2487; x_wconf 90' lang='lat' dir='ltr'>enim</span> <span class='ocrx_word' id='word_1_198' title='bbox 1024 2425 1097 2488; x_wconf 93' lang='lat' dir='ltr'>libe·</span> 
     </span>
     <span class='ocr_line' id='line_1_26' title="bbox 160 2508 1132 2592; baseline 0.005 -21"><span class='ocrx_word' id='word_1_199' title='bbox 160 2531 204 2587; x_wconf 87' lang='lat' dir='ltr'>ra,</span> <span class='ocrx_word' id='word_1_200' title='bbox 223 2531 259 2572; x_wconf 87' lang='lat' dir='ltr'>ac</span> <span class='ocrx_word' id='word_1_201' title='bbox 274 2523 347 2587; x_wconf 87' lang='lat' dir='ltr'>tota,</span> <span class='ocrx_word' id='word_1_202' title='bbox 364 2510 442 2572; x_wconf 91' lang='lat' dir='ltr'>nulla</span> <span class='ocrx_word' id='word_1_203' title='bbox 458 2509 648 2592; x_wconf 86' lang='lat' dir='ltr'>distringente</span> <span class='ocrx_word' id='word_1_204' title='bbox 670 2524 758 2592; x_wconf 91' lang='lat' dir='ltr'>atque</span> <span class='ocrx_word' id='word_1_205' title='bbox 776 2508 834 2572; x_wconf 91' lang='lat' dir='ltr'>alic</span> <span class='ocrx_word' id='word_1_206' title='bbox 850 2511 979 2573; x_wconf 86' lang='lat' dir='ltr'>ducente</span> <span class='ocrx_word' id='word_1_207' title='bbox 995 2532 1132 2589; x_wconf 58' lang='lat' dir='ltr'>causans</span> 
     </span>
     <span class='ocr_line' id='line_1_27' title="bbox 161 2593 1099 2680; baseline 0.004 -24"><span class='ocrx_word' id='word_1_208' title='bbox 161 2594 309 2676; x_wconf 80' lang='lat' dir='ltr'>spectabit</span> <span class='ocrx_word' id='word_1_209' title='bbox 324 2595 353 2656; x_wconf 94' lang='lat' dir='ltr'>id</span> <span class='ocrx_word' id='word_1_210' title='bbox 369 2595 477 2670; x_wconf 89' lang='lat' dir='ltr'>solum,</span> <span class='ocrx_word' id='word_1_211' title='bbox 495 2595 532 2656; x_wconf 90' lang='lat' dir='ltr'>ad</span> <span class='ocrx_word' id='word_1_212' title='bbox 548 2595 628 2677; x_wconf 92' lang='lat' dir='ltr'>quod</span> <span class='ocrx_word' id='word_1_213' title='bbox 644 2593 816 2676; x_wconf 82' lang='lat' dir='ltr'>accingitur.</span> <span class='ocrx_word' id='word_1_214' title='bbox 837 2628 844 2633; x_wconf 37' lang='lat' dir='ltr'>s</span> <span class='ocrx_word' id='word_1_215' title='bbox 864 2594 959 2667; x_wconf 83' lang='lat' dir='ltr'>Quod</span> <span class='ocrx_word' id='word_1_216' title='bbox 975 2596 1000 2658; x_wconf 93' lang='lat' dir='ltr'>si</span> <span class='ocrx_word' id='word_1_217' title='bbox 1014 2618 1099 2680; x_wconf 81' lang='lat' dir='ltr'>agro·</span> 
     </span>
     <span class='ocr_line' id='line_1_28' title="bbox 160 2677 1101 2762; baseline 0.01 -26"><span class='ocrx_word' id='word_1_218' title='bbox 160 2696 223 2736; x_wconf 91' lang='lat' dir='ltr'>rum</span> <span class='ocrx_word' id='word_1_219' title='bbox 245 2677 334 2738; x_wconf 89' lang='lat' dir='ltr'>nimia</span> <span class='ocrx_word' id='word_1_220' title='bbox 350 2699 431 2750; x_wconf 89' lang='lat' dir='ltr'>cura,</span> <span class='ocrx_word' id='word_1_221' title='bbox 450 2692 480 2738; x_wconf 90' lang='lat' dir='ltr'>et</span> <span class='ocrx_word' id='word_1_222' title='bbox 498 2679 653 2739; x_wconf 86' lang='lat' dir='ltr'>sollicitior</span> <span class='ocrx_word' id='word_1_223' title='bbox 667 2678 710 2739; x_wconf 90' lang='lat' dir='ltr'>rei</span> <span class='ocrx_word' id='word_1_224' title='bbox 726 2677 875 2742; x_wconf 70' lang='lat' dir='ltr'>familiaris</span> <span class='ocrx_word' id='word_1_225' title='bbox 891 2679 1053 2762; x_wconf 87' lang='lat' dir='ltr'>diligentia,</span> <span class='ocrx_word' id='word_1_226' title='bbox 1070 2697 1101 2745; x_wconf 88' lang='lat' dir='ltr'>et</span> 
     </span>
     <span class='ocr_line' id='line_1_29' title="bbox 160 2758 1098 2842; baseline 0.01 -22"><span class='ocrx_word' id='word_1_227' title='bbox 160 2758 285 2820; x_wconf 87' lang='lat' dir='ltr'>venandi</span> <span class='ocrx_word' id='word_1_228' title='bbox 304 2760 450 2840; x_wconf 87' lang='lat' dir='ltr'>voluptas,</span> <span class='ocrx_word' id='word_1_229' title='bbox 469 2773 499 2821; x_wconf 91' lang='lat' dir='ltr'>et</span> <span class='ocrx_word' id='word_1_230' title='bbox 520 2761 579 2822; x_wconf 88' lang='lat' dir='ltr'>dati</span> <span class='ocrx_word' id='word_1_231' title='bbox 600 2763 779 2842; x_wconf 88' lang='lat' dir='ltr'>spectaculis</span> <span class='ocrx_word' id='word_1_232' title='bbox 796 2762 872 2839; x_wconf 90' lang='lat' dir='ltr'>dies,</span> <span class='ocrx_word' id='word_1_233' title='bbox 890 2765 1013 2826; x_wconf 88' lang='lat' dir='ltr'>multum</span> <span class='ocrx_word' id='word_1_234' title='bbox 1037 2781 1098 2829; x_wconf 90' lang='lat' dir='ltr'>stu-</span> 
     </span>
     <span class='ocr_line' id='line_1_30' title="bbox 160 2839 1102 2932; baseline 0.007 -27"><span class='ocrx_word' id='word_1_235' title='bbox 160 2842 214 2905; x_wconf 91' lang='lat' dir='ltr'>diis</span> <span class='ocrx_word' id='word_1_236' title='bbox 231 2839 364 2904; x_wconf 83' lang='lat' dir='ltr'>aulerunt</span> <span class='ocrx_word' id='word_1_237' title='bbox 380 2863 400 2928; x_wconf 48' lang='lat'>:¹</span> <span class='ocrx_word' id='word_1_238' title='bbox 416 2842 497 2924; x_wconf 90' lang='lat' dir='ltr'>(huic</span> <span class='ocrx_word' id='word_1_239' title='bbox 513 2843 592 2905; x_wconf 88' lang='lat' dir='ltr'>enim</span> <span class='ocrx_word' id='word_1_240' title='bbox 607 2843 650 2904; x_wconf 91' lang='lat' dir='ltr'>rei</span> <span class='ocrx_word' id='word_1_241' title='bbox 666 2844 742 2925; x_wconf 90' lang='lat' dir='ltr'>perit</span> <span class='ocrx_word' id='word_1_242' title='bbox 756 2859 885 2926; x_wconf 89' lang='lat' dir='ltr'>tempus,</span> <span class='ocrx_word' id='word_1_243' title='bbox 898 2848 1102 2932; x_wconf 87' lang='lat' dir='ltr'>quodcunque</span> 
     </span>
     <span class='ocr_line' id='line_1_31' title="bbox 159 2926 1130 3013; baseline 0.007 -21"><span class='ocrx_word' id='word_1_244' title='bbox 159 2927 241 2992; x_wconf 88' lang='lat' dir='ltr'>alteri</span> <span class='ocrx_word' id='word_1_245' title='bbox 264 2927 360 3012; x_wconf 90' lang='lat' dir='ltr'>datur)</span> <span class='ocrx_word' id='word_1_246' title='bbox 381 2927 450 3012; x_wconf 93' lang='lat' dir='ltr'>quid</span> <span class='ocrx_word' id='word_1_247' title='bbox 473 2941 608 3013; x_wconf 86' lang='lat' dir='ltr'>putamus</span> <span class='ocrx_word' id='word_1_248' title='bbox 631 2926 758 2992; x_wconf 87' lang='lat' dir='ltr'>facturas</span> <span class='ocrx_word' id='word_1_249' title='bbox 782 2929 986 3012; x_wconf 84' lang='lat' dir='ltr'>cupiditatem,</span> <span class='ocrx_word' id='word_1_250' title='bbox 1004 2937 1130 2998; x_wconf 83' lang='lat' dir='ltr'>avari-ar</span> 
     </span>
     <span class='ocr_line' id='line_1_32' title="bbox 160 3013 1098 3100; baseline 0.007 -21"><span class='ocrx_word' id='word_1_251' title='bbox 160 3016 241 3095; x_wconf 90' lang='lat' dir='ltr'>tiam,</span> <span class='ocrx_word' id='word_1_252' title='bbox 262 3013 429 3079; x_wconf 84' lang='lat' dir='ltr'>invidiam?</span> <span class='ocrx_word' id='word_1_253' title='bbox 459 3035 581 3098; x_wconf 90' lang='lat' dir='ltr'>quarum</span> <span class='ocrx_word' id='word_1_254' title='bbox 610 3013 873 3099; x_wconf 89' lang='lat' dir='ltr'>impotentissimae</span> <span class='ocrx_word' id='word_1_255' title='bbox 903 3017 1098 3100; x_wconf 81' lang='lat' dir='ltr'>cogitationes</span> 
     </span>
     <span class='ocr_line' id='line_1_33' title="bbox 160 3098 1098 3249; baseline 0.004 -84"><span class='ocrx_word' id='word_1_256' title='bbox 160 3123 281 3166; x_wconf 91' lang='lat' dir='ltr'>somnos</span> <span class='ocrx_word' id='word_1_257' title='bbox 298 3101 387 3165; x_wconf 90' lang='lat' dir='ltr'>etiam</span> <span class='ocrx_word' id='word_1_258' title='bbox 403 3115 433 3164; x_wconf 89' lang='lat' dir='ltr'>et</span> <span class='ocrx_word' id='word_1_259' title='bbox 447 3101 495 3163; x_wconf 94' lang='lat' dir='ltr'>illa</span> <span class='ocrx_word' id='word_1_260' title='bbox 511 3123 564 3186; x_wconf 87' lang='lat' dir='ltr'>per</span> <span class='ocrx_word' id='word_1_261' title='bbox 580 3101 711 3184; x_wconf 90' lang='lat' dir='ltr'>quietem</span> <span class='ocrx_word' id='word_1_262' title='bbox 732 3100 795 3165; x_wconf 86' lang='lat' dir='ltr'>visa</span> <span class='ocrx_word' id='word_1_263' title='bbox 809 3098 997 3249; x_wconf 82' lang='lat' dir='ltr'>¹perturbant.</span> <span class='ocrx_word' id='word_1_264' title='bbox 1044 3100 1098 3169; x_wconf 91' lang='lat' dir='ltr'>Ni·</span> 
     </span>
     <span class='ocr_line' id='line_1_34' title="bbox 159 3187 1097 3271; baseline 0.007 -23"><span class='ocrx_word' id='word_1_265' title='bbox 159 3187 201 3248; x_wconf 96' lang='lat' dir='ltr'>hil</span> <span class='ocrx_word' id='word_1_266' title='bbox 216 3201 261 3250; x_wconf 89' lang='lat' dir='ltr'>est</span> <span class='ocrx_word' id='word_1_267' title='bbox 276 3188 354 3250; x_wconf 91' lang='lat' dir='ltr'>enim</span> <span class='ocrx_word' id='word_1_268' title='bbox 370 3202 430 3251; x_wconf 89' lang='lat' dir='ltr'>tam</span> <span class='ocrx_word' id='word_1_269' title='bbox 446 3200 636 3271; x_wconf 89' lang='lat' dir='ltr'>occupatum,</span> <span class='ocrx_word' id='word_1_270' title='bbox 651 3202 709 3249; x_wconf 89' lang='lat' dir='ltr'>tam</span> <span class='ocrx_word' id='word_1_271' title='bbox 726 3187 807 3250; x_wconf 89' lang='lat' dir='ltr'>multi</span> <span class='ocrx_word' id='word_1_272' title='bbox 820 3209 915 3266; x_wconf 86' lang='lat' dir='ltr'>orme,</span> <span class='ocrx_word' id='word_1_273' title='bbox 926 3203 971 3252; x_wconf 93' lang='lat' dir='ltr'>tot</span> <span class='ocrx_word' id='word_1_274' title='bbox 986 3212 1021 3254; x_wconf 87' lang='lat' dir='ltr'>ac</span> <span class='ocrx_word' id='word_1_275' title='bbox 1036 3206 1097 3254; x_wconf 91' lang='lat' dir='ltr'>tam</span> 
     </span>
     <span class='ocr_line' id='line_1_35' title="bbox 160 3271 1096 3357; baseline 0.006 -25"><span class='ocrx_word' id='word_1_276' title='bbox 160 3271 247 3332; x_wconf 90' lang='lat' dir='ltr'>variis</span> <span class='ocrx_word' id='word_1_277' title='bbox 263 3271 417 3335; x_wconf 83' lang='lat' dir='ltr'>affectibus</span> <span class='ocrx_word' id='word_1_278' title='bbox 437 3272 591 3335; x_wconf 91' lang='lat' dir='ltr'>concisum</span> <span class='ocrx_word' id='word_1_279' title='bbox 610 3286 699 3356; x_wconf 90' lang='lat' dir='ltr'>atque</span> <span class='ocrx_word' id='word_1_280' title='bbox 719 3273 892 3351; x_wconf 87' lang='lat' dir='ltr'>laceratum,</span> <span class='ocrx_word' id='word_1_281' title='bbox 910 3295 998 3357; x_wconf 91' lang='lat' dir='ltr'>quam</span> <span class='ocrx_word' id='word_1_282' title='bbox 1020 3278 1096 3340; x_wconf 87' lang='lat' dir='ltr'>mala</span> 
     </span>
     <span class='ocr_line' id='line_1_36' title="bbox 160 3353 1220 3441; baseline 0.011 -26"><span class='ocrx_word' id='word_1_283' title='bbox 160 3375 253 3416; x_wconf 90' lang='lat' dir='ltr'>mens.</span> <span class='ocrx_word' id='word_1_284' title='bbox 301 3353 380 3418; x_wconf 86' lang='lat' dir='ltr'>Nem</span> <span class='ocrx_word' id='word_1_285' title='bbox 403 3371 433 3419; x_wconf 91' lang='lat' dir='ltr'>et</span> <span class='ocrx_word' id='word_1_286' title='bbox 456 3379 525 3420; x_wconf 89' lang='lat' dir='ltr'>curn</span> <span class='ocrx_word' id='word_1_287' title='bbox 547 3358 708 3434; x_wconf 91' lang='lat' dir='ltr'>insidiatur,</span> <span class='ocrx_word' id='word_1_288' title='bbox 726 3379 793 3441; x_wconf 88' lang='lat' dir='ltr'>spe,</span> <span class='ocrx_word' id='word_1_289' title='bbox 810 3359 900 3436; x_wconf 86' lang='lat' dir='ltr'>curis,</span> <span class='ocrx_word' id='word_1_290' title='bbox 917 3359 1018 3423; x_wconf 89' lang='lat' dir='ltr'>labore</span> <span class='ocrx_word' id='word_1_291' title='bbox 1036 3354 1128 3424; x_wconf 84' lang='lat' dir='ltr'>dis-as</span> <span class='ocrx_word' id='word_1_292' title='bbox 1215 3373 1220 3427; x_wconf 73' lang='lat' dir='ltr'>«J</span> 
     </span>
     <span class='ocr_line' id='line_1_37' title="bbox 160 3437 1093 3528; baseline 0.004 -24"><span class='ocrx_word' id='word_1_293' title='bbox 160 3438 312 3524; x_wconf 85' lang='lat' dir='ltr'>tringitur:</span> <span class='ocrx_word' id='word_1_294' title='bbox 336 3451 367 3501; x_wconf 89' lang='lat' dir='ltr'>et</span> <span class='ocrx_word' id='word_1_295' title='bbox 393 3439 469 3523; x_wconf 87' lang='lat' dir='ltr'>jam,</span> <span class='ocrx_word' id='word_1_296' title='bbox 487 3464 555 3504; x_wconf 91' lang='lat' dir='ltr'>cum</span> <span class='ocrx_word' id='word_1_297' title='bbox 579 3443 701 3506; x_wconf 91' lang='lat' dir='ltr'>sceleris</span> <span class='ocrx_word' id='word_1_298' title='bbox 724 3465 851 3528; x_wconf 88' lang='lat' dir='ltr'>compos</span> <span class='ocrx_word' id='word_1_299' title='bbox 873 3444 938 3522; x_wconf 85' lang='lat' dir='ltr'>tuit,</span> <span class='ocrx_word' id='word_1_300' title='bbox 955 3437 1093 3508; x_wconf 90' lang='lat' dir='ltr'>sollicitu-</span> 
     </span>
     <span class='ocr_line' id='line_1_38' title="bbox 161 3524 1095 3613; baseline 0.006 -25"><span class='ocrx_word' id='word_1_301' title='bbox 161 3525 241 3605; x_wconf 87' lang='lat' dir='ltr'>dine,</span> <span class='ocrx_word' id='word_1_302' title='bbox 258 3524 449 3610; x_wconf 89' lang='lat' dir='ltr'>poenitentia‚</span> <span class='ocrx_word' id='word_1_303' title='bbox 467 3529 776 3609; x_wconf 88' lang='lat' dir='ltr'>poenarumomninm</span> <span class='ocrx_word' id='word_1_304' title='bbox 791 3530 1015 3613; x_wconf 86' lang='lat' dir='ltr'>exspectatione</span> <span class='ocrx_word' id='word_1_305' title='bbox 1035 3540 1095 3594; x_wconf 89' lang='lat' dir='ltr'>tor·</span> 
     </span>
     <span class='ocr_line' id='line_1_39' title="bbox 160 3609 1092 3692; baseline 0.006 -19"><span class='ocrx_word' id='word_1_306' title='bbox 160 3626 275 3692; x_wconf 89' lang='lat' dir='ltr'>quetur.</span> <span class='ocrx_word' id='word_1_307' title='bbox 322 3609 400 3683; x_wconf 79' lang='lat' dir='ltr'>uuis</span> <span class='ocrx_word' id='word_1_308' title='bbox 422 3609 496 3674; x_wconf 89' lang='lat' dir='ltr'>inter</span> <span class='ocrx_word' id='word_1_309' title='bbox 516 3611 591 3675; x_wconf 84' lang='lat' dir='ltr'>baec</span> <span class='ocrx_word' id='word_1_310' title='bbox 612 3613 715 3691; x_wconf 89' lang='lat' dir='ltr'>literis,</span> <span class='ocrx_word' id='word_1_311' title='bbox 732 3628 781 3676; x_wconf 91' lang='lat' dir='ltr'>aut</span> <span class='ocrx_word' id='word_1_312' title='bbox 798 3613 848 3676; x_wconf 92' lang='lat' dir='ltr'>ulli</span> <span class='ocrx_word' id='word_1_313' title='bbox 868 3614 965 3678; x_wconf 83' lang='lat' dir='ltr'>bonae</span> <span class='ocrx_word' id='word_1_314' title='bbox 980 3616 1035 3680; x_wconf 86' lang='lat' dir='ltr'>arti</span> <span class='ocrx_word' id='word_1_315' title='bbox 1048 3616 1092 3679; x_wconf 80' lang='lat' dir='ltr'>le-</span> 
     </span>
    </p>
   </div>
   <div class='ocr_carea' id='block_1_5' title="bbox 0 0 1237 4200">
    <p class='ocr_par' dir='ltr' id='par_1_7' title="bbox 0 0 1237 4200">
     <span class='ocr_line' id='line_1_40' title="bbox 0 0 1237 4200; baseline 0 0"><span class='ocrx_word' id='word_1_316' title='bbox 0 0 1237 4200; x_wconf 95' lang='lat' dir='ltr'> </span> 
     </span>
    </p>
   </div>
  </div>
 </body>
</html>
