<?xml version="1.0" encoding="UTF-8"?>
<!DOCTYPE html PUBLIC "-//W3C//DTD XHTML 1.0 Transitional//EN"
    "http://www.w3.org/TR/xhtml1/DTD/xhtml1-transitional.dtd">
<html xmlns="http://www.w3.org/1999/xhtml" xml:lang="en" lang="en">
 <head>
  <title>
</title>
<meta http-equiv="Content-Type" content="text/html;charset=utf-8" />
  <meta name='ocr-system' content='tesseract 3.04.00' />
  <meta name='ocr-capabilities' content='ocr_page ocr_carea ocr_par ocr_line ocrx_word'/>
</head>
<body>
  <div class='ocr_page' id='page_1' title='image "./mfabiiquinctili00aldegoog_0203.png"; bbox 0 0 2459 4200; ppageno 0'>
   <div class='ocr_carea' id='block_1_1' title="bbox 347 282 1070 342">
    <p class='ocr_par' dir='ltr' id='par_1_1' title="bbox 347 282 1070 342">
     <span class='ocr_line' id='line_1_1' title="bbox 347 282 1070 342; baseline 0.018 -14"><span class='ocrx_word' id='word_1_1' title='bbox 347 288 501 333; x_wconf 77' lang='lat' dir='ltr'>sensura</span> <span class='ocrx_word' id='word_1_2' title='bbox 517 288 668 341; x_wconf 68' lang='lat' dir='ltr'>ananau</span> <span class='ocrx_word' id='word_1_3' title='bbox 686 291 822 337; x_wconf 70' lang='lat' dir='ltr'>cartre.</span> <span class='ocrx_word' id='word_1_4' title='bbox 1008 282 1070 342; x_wconf 80' lang='lat'>19⁷</span> 
     </span>
    </p>
   </div>
   <div class='ocr_carea' id='block_1_2' title="bbox 91 435 1071 1713">
    <p class='ocr_par' dir='ltr' id='par_1_2' title="bbox 125 435 1071 777">
     <span class='ocr_line' id='line_1_2' title="bbox 127 435 1071 530; baseline 0.016 -34"><span class='ocrx_word' id='word_1_5' title='bbox 127 435 199 513; x_wconf 80' lang='lat' dir='ltr'>mei,</span> <span class='ocrx_word' id='word_1_6' title='bbox 216 436 297 520; x_wconf 84' lang='lat' dir='ltr'>qnod</span> <span class='ocrx_word' id='word_1_7' title='bbox 317 438 410 499; x_wconf 66' lang='lat' dir='ltr'>sonno</span> <span class='ocrx_word' id='word_1_8' title='bbox 426 460 516 521; x_wconf 79' lang='lat' dir='ltr'>qaam</span> <span class='ocrx_word' id='word_1_9' title='bbox 530 440 569 501; x_wconf 80' lang='lat' dir='ltr'>ait</span> <span class='ocrx_word' id='word_1_10' title='bbox 589 443 744 524; x_wconf 72' lang='lat' dir='ltr'>exiguum.</span> <span class='ocrx_word' id='word_1_11' title='bbox 791 443 907 507; x_wconf 87' lang='lat' dir='ltr'>Eadem</span> <span class='ocrx_word' id='word_1_12' title='bbox 928 446 1071 530; x_wconf 84' lang='lat' dir='ltr'>aliquate-</span> 
     </span>
     <span class='ocr_line' id='line_1_3' title="bbox 127 522 1070 613; baseline 0.013 -31"><span class='ocrx_word' id='word_1_13' title='bbox 127 542 182 584; x_wconf 89' lang='lat' dir='ltr'>nus</span> <span class='ocrx_word' id='word_1_14' title='bbox 208 522 329 584; x_wconf 87' lang='lat' dir='ltr'>liberius</span> <span class='ocrx_word' id='word_1_15' title='bbox 354 525 493 587; x_wconf 87' lang='lat' dir='ltr'>deorsum</span> <span class='ocrx_word' id='word_1_16' title='bbox 516 528 721 607; x_wconf 74' lang='lat' dir='ltr'>spectantibus</span> <span class='ocrx_word' id='word_1_17' title='bbox 744 527 842 610; x_wconf 80' lang='lat' dir='ltr'>digitis</span> <span class='ocrx_word' id='word_1_18' title='bbox 869 530 1015 613; x_wconf 77' lang='lat' dir='ltr'>colligitur</span> <span class='ocrx_word' id='word_1_19' title='bbox 1040 533 1070 593; x_wconf 89' lang='lat' dir='ltr'>in</span> 
     </span>
     <span class='ocr_line' id='line_1_4' title="bbox 126 606 1069 697; baseline 0.012 -30"><span class='ocrx_word' id='word_1_20' title='bbox 126 626 192 683; x_wconf 86' lang='lat' dir='ltr'>nos,</span> <span class='ocrx_word' id='word_1_21' title='bbox 210 622 242 669; x_wconf 91' lang='lat' dir='ltr'>et</span> <span class='ocrx_word' id='word_1_22' title='bbox 256 606 349 670; x_wconf 82' lang='lat' dir='ltr'>fusius</span> <span class='ocrx_word' id='word_1_23' title='bbox 366 610 465 691; x_wconf 88' lang='lat' dir='ltr'>paullo</span> <span class='ocrx_word' id='word_1_24' title='bbox 484 609 512 671; x_wconf 92' lang='lat' dir='ltr'>in</span> <span class='ocrx_word' id='word_1_25' title='bbox 528 611 679 673; x_wconf 84' lang='lat' dir='ltr'>diversum</span> <span class='ocrx_word' id='word_1_26' title='bbox 694 614 862 690; x_wconf 88' lang='lat' dir='ltr'>resolvitur,</span> <span class='ocrx_word' id='word_1_27' title='bbox 879 629 912 676; x_wconf 92' lang='lat' dir='ltr'>ut</span> <span class='ocrx_word' id='word_1_28' title='bbox 925 618 1069 697; x_wconf 82' lang='lat' dir='ltr'>quodam·</span> 
     </span>
     <span class='ocr_line' id='line_1_5' title="bbox 125 693 828 777; baseline 0.006 -24"><span class='ocrx_word' id='word_1_29' title='bbox 125 693 219 755; x_wconf 88' lang='lat' dir='ltr'>ruodo</span> <span class='ocrx_word' id='word_1_30' title='bbox 235 714 404 755; x_wconf 88' lang='lat' dir='ltr'>sermonem</span> <span class='ocrx_word' id='word_1_31' title='bbox 420 694 517 776; x_wconf 90' lang='lat' dir='ltr'>ipsum</span> <span class='ocrx_word' id='word_1_32' title='bbox 533 695 668 777; x_wconf 86' lang='lat' dir='ltr'>prolerre</span> <span class='ocrx_word' id='word_1_33' title='bbox 684 698 828 761; x_wconf 85' lang='lat' dir='ltr'>videatur.</span> 
     </span>
    </p>

    <p class='ocr_par' dir='ltr' id='par_1_3' title="bbox 101 777 1069 1034">
     <span class='ocr_line' id='line_1_6' title="bbox 101 777 1069 864; baseline 0.013 -28"><span class='ocrx_word' id='word_1_34' title='bbox 101 798 117 836; x_wconf 80' lang='lat' dir='ltr'>s</span> <span class='ocrx_word' id='word_1_35' title='bbox 171 777 268 839; x_wconf 88' lang='lat' dir='ltr'>Binos</span> <span class='ocrx_word' id='word_1_36' title='bbox 295 777 410 839; x_wconf 79' lang='lat' dir='ltr'>interim</span> <span class='ocrx_word' id='word_1_37' title='bbox 436 780 542 861; x_wconf 82' lang='lat' dir='ltr'>digitos</span> <span class='ocrx_word' id='word_1_38' title='bbox 567 781 783 864; x_wconf 86' lang='lat' dir='ltr'>distinguimus,</span> <span class='ocrx_word' id='word_1_39' title='bbox 800 784 856 846; x_wconf 90' lang='lat' dir='ltr'>sed</span> <span class='ocrx_word' id='word_1_40' title='bbox 877 804 936 845; x_wconf 87' lang='lat' dir='ltr'>noa</span> <span class='ocrx_word' id='word_1_41' title='bbox 956 784 1069 849; x_wconf 79' lang='lat' dir='ltr'>inserto</span> 
     </span>
     <span class='ocr_line' id='line_1_7' title="bbox 125 862 1066 951; baseline 0.011 -29"><span class='ocrx_word' id='word_1_42' title='bbox 125 862 250 945; x_wconf 83' lang='lat' dir='ltr'>pollice,</span> <span class='ocrx_word' id='word_1_43' title='bbox 266 863 396 943; x_wconf 88' lang='lat' dir='ltr'>paullum</span> <span class='ocrx_word' id='word_1_44' title='bbox 421 879 519 926; x_wconf 87' lang='lat' dir='ltr'>tamen</span> <span class='ocrx_word' id='word_1_45' title='bbox 542 864 730 931; x_wconf 81' lang='lat' dir='ltr'>inferioribus</span> <span class='ocrx_word' id='word_1_46' title='bbox 752 868 827 930; x_wconf 88' lang='lat' dir='ltr'>intra</span> <span class='ocrx_word' id='word_1_47' title='bbox 849 870 1066 951; x_wconf 79' lang='lat' dir='ltr'>spectantibus,</span> 
     </span>
     <span class='ocr_line' id='line_1_8' title="bbox 125 946 822 1034; baseline 0.003 -24"><span class='ocrx_word' id='word_1_48' title='bbox 125 948 180 1011; x_wconf 80' lang='lat' dir='ltr'>sed</span> <span class='ocrx_word' id='word_1_49' title='bbox 196 969 233 1009; x_wconf 90' lang='lat' dir='ltr'>ne</span> <span class='ocrx_word' id='word_1_50' title='bbox 249 946 305 1009; x_wconf 90' lang='lat' dir='ltr'>illis</span> <span class='ocrx_word' id='word_1_51' title='bbox 321 947 440 1030; x_wconf 90' lang='lat' dir='ltr'>quidem</span> <span class='ocrx_word' id='word_1_52' title='bbox 457 951 558 1025; x_wconf 90' lang='lat' dir='ltr'>tensis,</span> <span class='ocrx_word' id='word_1_53' title='bbox 576 951 626 1033; x_wconf 91' lang='lat' dir='ltr'>qui</span> <span class='ocrx_word' id='word_1_54' title='bbox 641 974 731 1034; x_wconf 90' lang='lat' dir='ltr'>supra</span> <span class='ocrx_word' id='word_1_55' title='bbox 745 967 822 1015; x_wconf 87' lang='lat' dir='ltr'>sunt.</span> 
     </span>
    </p>

    <p class='ocr_par' dir='ltr' id='par_1_4' title="bbox 91 1030 1069 1713">
     <span class='ocr_line' id='line_1_9' title="bbox 169 1030 1066 1120; baseline 0.01 -28"><span class='ocrx_word' id='word_1_56' title='bbox 169 1030 294 1095; x_wconf 85' lang='lat' dir='ltr'>Interim</span> <span class='ocrx_word' id='word_1_57' title='bbox 311 1034 436 1095; x_wconf 81' lang='lat' dir='ltr'>extremi</span> <span class='ocrx_word' id='word_1_58' title='bbox 455 1036 583 1117; x_wconf 87' lang='lat' dir='ltr'>palmam</span> <span class='ocrx_word' id='word_1_59' title='bbox 605 1036 688 1099; x_wconf 90' lang='lat' dir='ltr'>circa</span> <span class='ocrx_word' id='word_1_60' title='bbox 708 1038 767 1099; x_wconf 88' lang='lat' dir='ltr'>ima</span> <span class='ocrx_word' id='word_1_61' title='bbox 785 1038 902 1120; x_wconf 89' lang='lat' dir='ltr'>pollicis</span> <span class='ocrx_word' id='word_1_62' title='bbox 918 1053 1066 1120; x_wconf 86' lang='lat' dir='ltr'>premunt,</span> 
     </span>
     <span class='ocr_line' id='line_1_10' title="bbox 124 1117 1068 1205; baseline 0.006 -26"><span class='ocrx_word' id='word_1_63' title='bbox 124 1117 190 1200; x_wconf 83' lang='lat' dir='ltr'>ipse</span> <span class='ocrx_word' id='word_1_64' title='bbox 217 1117 363 1200; x_wconf 89' lang='lat' dir='ltr'>prioribus</span> <span class='ocrx_word' id='word_1_65' title='bbox 389 1119 433 1187; x_wconf 89' lang='lat' dir='ltr'>ad</span> <span class='ocrx_word' id='word_1_66' title='bbox 458 1121 572 1183; x_wconf 89' lang='lat' dir='ltr'>medios</span> <span class='ocrx_word' id='word_1_67' title='bbox 599 1122 740 1183; x_wconf 85' lang='lat' dir='ltr'>articulos</span> <span class='ocrx_word' id='word_1_68' title='bbox 766 1122 921 1205; x_wconf 83' lang='lat' dir='ltr'>jungitur:</span> <span class='ocrx_word' id='word_1_69' title='bbox 952 1122 1068 1185; x_wconf 87' lang='lat' dir='ltr'>interim</span> 
     </span>
     <span class='ocr_line' id='line_1_11' title="bbox 91 1203 1068 1287; baseline 0.009 -29"><span class='ocrx_word' id='word_1_70' title='bbox 91 1218 246 1285; x_wconf 85' lang='lat' dir='ltr'>roquartus</span> <span class='ocrx_word' id='word_1_71' title='bbox 277 1203 397 1285; x_wconf 87' lang='lat' dir='ltr'>oblique</span> <span class='ocrx_word' id='word_1_72' title='bbox 426 1204 603 1285; x_wconf 87' lang='lat' dir='ltr'>reponitur3</span> <span class='ocrx_word' id='word_1_73' title='bbox 634 1205 749 1266; x_wconf 87' lang='lat' dir='ltr'>interim</span> <span class='ocrx_word' id='word_1_74' title='bbox 780 1221 906 1287; x_wconf 87' lang='lat' dir='ltr'>quatuor</span> <span class='ocrx_word' id='word_1_75' title='bbox 935 1207 1068 1283; x_wconf 85' lang='lat' dir='ltr'>remissis</span> 
     </span>
     <span class='ocr_line' id='line_1_12' title="bbox 124 1288 1069 1371; baseline 0.002 -22"><span class='ocrx_word' id='word_1_76' title='bbox 124 1288 220 1369; x_wconf 86' lang='lat' dir='ltr'>magis</span> <span class='ocrx_word' id='word_1_77' title='bbox 239 1308 328 1369; x_wconf 89' lang='lat' dir='ltr'>quam</span> <span class='ocrx_word' id='word_1_78' title='bbox 347 1288 450 1363; x_wconf 84' lang='lat' dir='ltr'>tensis,</span> <span class='ocrx_word' id='word_1_79' title='bbox 469 1289 578 1371; x_wconf 86' lang='lat' dir='ltr'>pollice</span> <span class='ocrx_word' id='word_1_80' title='bbox 599 1289 677 1351; x_wconf 87' lang='lat' dir='ltr'>intus</span> <span class='ocrx_word' id='word_1_81' title='bbox 700 1289 853 1365; x_wconf 89' lang='lat' dir='ltr'>inclinato,</span> <span class='ocrx_word' id='word_1_82' title='bbox 870 1290 1001 1351; x_wconf 90' lang='lat' dir='ltr'>habilem</span> <span class='ocrx_word' id='word_1_83' title='bbox 1016 1291 1069 1351; x_wconf 89' lang='lat' dir='ltr'>de·</span> 
     </span>
     <span class='ocr_line' id='line_1_13' title="bbox 122 1372 1066 1457; baseline 0.002 -23"><span class='ocrx_word' id='word_1_84' title='bbox 122 1374 318 1435; x_wconf 86' lang='lat' dir='ltr'>monstrando</span> <span class='ocrx_word' id='word_1_85' title='bbox 345 1373 373 1434; x_wconf 94' lang='lat' dir='ltr'>in</span> <span class='ocrx_word' id='word_1_86' title='bbox 399 1372 487 1449; x_wconf 85' lang='lat' dir='ltr'>latus,</span> <span class='ocrx_word' id='word_1_87' title='bbox 507 1388 556 1435; x_wconf 89' lang='lat' dir='ltr'>aut</span> <span class='ocrx_word' id='word_1_88' title='bbox 582 1373 807 1455; x_wconf 84' lang='lat' dir='ltr'>distinguendis,</span> <span class='ocrx_word' id='word_1_89' title='bbox 825 1395 901 1457; x_wconf 90' lang='lat' dir='ltr'>quae</span> <span class='ocrx_word' id='word_1_90' title='bbox 927 1374 1066 1448; x_wconf 89' lang='lat' dir='ltr'>dicimus,</span> 
     </span>
     <span class='ocr_line' id='line_1_14' title="bbox 124 1457 1068 1542; baseline 0.002 -23"><span class='ocrx_word' id='word_1_91' title='bbox 124 1476 245 1519; x_wconf 88' lang='lat' dir='ltr'>manum</span> <span class='ocrx_word' id='word_1_92' title='bbox 267 1457 405 1533; x_wconf 83' lang='lat' dir='ltr'>facimus,</span> <span class='ocrx_word' id='word_1_93' title='bbox 423 1480 491 1521; x_wconf 90' lang='lat' dir='ltr'>cum</span> <span class='ocrx_word' id='word_1_94' title='bbox 515 1459 620 1542; x_wconf 85' lang='lat' dir='ltr'>supina</span> <span class='ocrx_word' id='word_1_95' title='bbox 644 1459 674 1521; x_wconf 88' lang='lat' dir='ltr'>in</span> <span class='ocrx_word' id='word_1_96' title='bbox 697 1459 845 1522; x_wconf 85' lang='lat' dir='ltr'>sinistrum</span> <span class='ocrx_word' id='word_1_97' title='bbox 870 1460 957 1537; x_wconf 93' lang='lat' dir='ltr'>latus,</span> <span class='ocrx_word' id='word_1_98' title='bbox 974 1480 1068 1542; x_wconf 88' lang='lat' dir='ltr'>prona</span> 
     </span>
     <span class='ocr_line' id='line_1_15' title="bbox 124 1541 412 1606; baseline 0 -3"><span class='ocrx_word' id='word_1_99' title='bbox 124 1542 154 1604; x_wconf 92' lang='lat' dir='ltr'>in</span> <span class='ocrx_word' id='word_1_100' title='bbox 170 1543 296 1605; x_wconf 87' lang='lat' dir='ltr'>alterum</span> <span class='ocrx_word' id='word_1_101' title='bbox 311 1541 412 1606; x_wconf 86' lang='lat' dir='ltr'>fertur.</span> 
     </span>
     <span class='ocr_line' id='line_1_16' title="bbox 91 1627 1067 1713; baseline 0.002 -23"><span class='ocrx_word' id='word_1_102' title='bbox 91 1650 117 1690; x_wconf 79' lang='lat' dir='ltr'>rs</span> <span class='ocrx_word' id='word_1_103' title='bbox 173 1627 250 1692; x_wconf 82' lang='lat' dir='ltr'>Sunt</span> <span class='ocrx_word' id='word_1_104' title='bbox 265 1642 296 1689; x_wconf 90' lang='lat' dir='ltr'>et</span> <span class='ocrx_word' id='word_1_105' title='bbox 310 1628 348 1689; x_wconf 89' lang='lat' dir='ltr'>illi</span> <span class='ocrx_word' id='word_1_106' title='bbox 365 1630 472 1691; x_wconf 87' lang='lat' dir='ltr'>breves</span> <span class='ocrx_word' id='word_1_107' title='bbox 487 1644 599 1711; x_wconf 89' lang='lat' dir='ltr'>gestus,</span> <span class='ocrx_word' id='word_1_108' title='bbox 618 1652 687 1693; x_wconf 92' lang='lat' dir='ltr'>cum</span> <span class='ocrx_word' id='word_1_109' title='bbox 707 1652 812 1693; x_wconf 89' lang='lat' dir='ltr'>manus</span> <span class='ocrx_word' id='word_1_110' title='bbox 832 1632 938 1694; x_wconf 84' lang='lat' dir='ltr'>leviter</span> <span class='ocrx_word' id='word_1_111' title='bbox 956 1632 1067 1713; x_wconf 88' lang='lat' dir='ltr'>panda·</span> 
     </span>
    </p>
   </div>
   <div class='ocr_carea' id='block_1_3' title="bbox 124 1714 1156 1797">
    <p class='ocr_par' dir='ltr' id='par_1_5' title="bbox 124 1714 1156 1797">
     <span class='ocr_line' id='line_1_17' title="bbox 124 1714 1156 1797; baseline -0.003 -21"><span class='ocrx_word' id='word_1_112' title='bbox 124 1727 165 1789; x_wconf 86' lang='lat' dir='ltr'>ta,</span> <span class='ocrx_word' id='word_1_113' title='bbox 183 1714 278 1797; x_wconf 85' lang='lat' dir='ltr'>qualis</span> <span class='ocrx_word' id='word_1_114' title='bbox 293 1714 462 1775; x_wconf 86' lang='lat' dir='ltr'>voventium</span> <span class='ocrx_word' id='word_1_115' title='bbox 480 1730 535 1790; x_wconf 85' lang='lat' dir='ltr'>est,</span> <span class='ocrx_word' id='word_1_116' title='bbox 554 1716 654 1797; x_wconf 87' lang='lat' dir='ltr'>parvis</span> <span class='ocrx_word' id='word_1_117' title='bbox 669 1716 840 1791; x_wconf 86' lang='lat' dir='ltr'>intervallis,</span> <span class='ocrx_word' id='word_1_118' title='bbox 858 1731 888 1777; x_wconf 90' lang='lat' dir='ltr'>et</span> <span class='ocrx_word' id='word_1_119' title='bbox 908 1716 1066 1777; x_wconf 78' lang='lat' dir='ltr'>subessen·</span> <span class='ocrx_word' id='word_1_120' title='bbox 1151 1722 1156 1729; x_wconf 82' lang='grc'><em>“</em></span> 
     </span>
    </p>
   </div>
   <div class='ocr_carea' id='block_1_4' title="bbox 49 1796 1160 3146">
    <p class='ocr_par' dir='ltr' id='par_1_6' title="bbox 49 1796 1160 3146">
     <span class='ocr_line' id='line_1_18' title="bbox 124 1796 1068 1880; baseline -0.006 -19"><span class='ocrx_word' id='word_1_121' title='bbox 124 1798 263 1861; x_wconf 89' lang='lat' dir='ltr'>tientibus</span> <span class='ocrx_word' id='word_1_122' title='bbox 283 1798 411 1861; x_wconf 86' lang='lat' dir='ltr'>humeris</span> <span class='ocrx_word' id='word_1_123' title='bbox 433 1814 581 1873; x_wconf 90' lang='lat' dir='ltr'>movetur,</span> <span class='ocrx_word' id='word_1_124' title='bbox 599 1799 730 1860; x_wconf 84' lang='lat' dir='ltr'>maxime</span> <span class='ocrx_word' id='word_1_125' title='bbox 745 1813 814 1880; x_wconf 89' lang='lat' dir='ltr'>apta</span> <span class='ocrx_word' id='word_1_126' title='bbox 830 1819 922 1879; x_wconf 87' lang='lat' dir='ltr'>parce</span> <span class='ocrx_word' id='word_1_127' title='bbox 937 1811 969 1857; x_wconf 87' lang='lat' dir='ltr'>ct</span> <span class='ocrx_word' id='word_1_128' title='bbox 982 1796 1068 1877; x_wconf 88' lang='lat' dir='ltr'>quasi</span> 
     </span>
     <span class='ocr_line' id='line_1_19' title="bbox 123 1880 1066 1967; baseline -0.006 -21"><span class='ocrx_word' id='word_1_129' title='bbox 123 1884 229 1946; x_wconf 87' lang='lat' dir='ltr'>timide</span> <span class='ocrx_word' id='word_1_130' title='bbox 240 1883 437 1967; x_wconf 89' lang='lat' dir='ltr'>loquentibus.</span> <span class='ocrx_word' id='word_1_131' title='bbox 472 1882 530 1945; x_wconf 85' lang='lat' dir='ltr'>Est</span> <span class='ocrx_word' id='word_1_132' title='bbox 545 1882 730 1945; x_wconf 81' lang='lat' dir='ltr'>admirationi</span> <span class='ocrx_word' id='word_1_133' title='bbox 743 1882 924 1943; x_wconf 89' lang='lat' dir='ltr'>conveniens</span> <span class='ocrx_word' id='word_1_134' title='bbox 940 1880 988 1941; x_wconf 92' lang='lat' dir='ltr'>ille</span> <span class='ocrx_word' id='word_1_135' title='bbox 998 1901 1066 1961; x_wconf 92' lang='lat' dir='ltr'>ges·</span> 
     </span>
     <span class='ocr_line' id='line_1_20' title="bbox 123 1964 1066 2051; baseline -0.005 -20"><span class='ocrx_word' id='word_1_136' title='bbox 123 1983 184 2043; x_wconf 90' lang='lat' dir='ltr'>tus,</span> <span class='ocrx_word' id='word_1_137' title='bbox 197 1988 255 2051; x_wconf 91' lang='lat' dir='ltr'>quo</span> <span class='ocrx_word' id='word_1_138' title='bbox 271 1990 374 2031; x_wconf 88' lang='lat' dir='ltr'>manus</span> <span class='ocrx_word' id='word_1_139' title='bbox 390 1968 509 2031; x_wconf 88' lang='lat' dir='ltr'>modice</span> <span class='ocrx_word' id='word_1_140' title='bbox 525 1968 672 2051; x_wconf 69' lang='lat' dir='ltr'>supinata,</span> <span class='ocrx_word' id='word_1_141' title='bbox 682 1989 718 2030; x_wconf 91' lang='lat' dir='ltr'>ac</span> <span class='ocrx_word' id='word_1_142' title='bbox 735 1988 788 2050; x_wconf 89' lang='lat' dir='ltr'>per</span> <span class='ocrx_word' id='word_1_143' title='bbox 803 1967 933 2051; x_wconf 89' lang='lat' dir='ltr'>singulos</span> <span class='ocrx_word' id='word_1_144' title='bbox 946 1988 966 2028; x_wconf 88' lang='lat' dir='ltr'>a</span> <span class='ocrx_word' id='word_1_145' title='bbox 979 1964 1066 2027; x_wconf 87' lang='lat' dir='ltr'>mini-</span> 
     </span>
     <span class='ocr_line' id='line_1_21' title="bbox 88 2054 1065 2138; baseline -0.001 -23"><span class='ocrx_word' id='word_1_146' title='bbox 88 2074 176 2116; x_wconf 79' lang='lat' dir='ltr'>sttno</span> <span class='ocrx_word' id='word_1_147' title='bbox 191 2054 319 2117; x_wconf 86' lang='lat' dir='ltr'>collecta</span> <span class='ocrx_word' id='word_1_148' title='bbox 336 2054 454 2137; x_wconf 89' lang='lat' dir='ltr'>digitos,</span> <span class='ocrx_word' id='word_1_149' title='bbox 472 2056 614 2118; x_wconf 87' lang='lat' dir='ltr'>redeunte</span> <span class='ocrx_word' id='word_1_150' title='bbox 630 2054 711 2118; x_wconf 88' lang='lat' dir='ltr'>flexu</span> <span class='ocrx_word' id='word_1_151' title='bbox 731 2054 822 2120; x_wconf 87' lang='lat' dir='ltr'>simul</span> <span class='ocrx_word' id='word_1_152' title='bbox 839 2054 1007 2138; x_wconf 82' lang='lat' dir='ltr'>explicatur</span> <span class='ocrx_word' id='word_1_153' title='bbox 1020 2065 1065 2115; x_wconf 90' lang='lat' dir='ltr'>at·</span> 
     </span>
     <span class='ocr_line' id='line_1_22' title="bbox 113 2155 388 2223; baseline -0.007 -21"><span class='ocrx_word' id='word_1_154' title='bbox 113 2161 182 2223; x_wconf 81' lang='lat' dir='ltr'>que</span> <span class='ocrx_word' id='word_1_155' title='bbox 198 2155 388 2203; x_wconf 81' lang='lat' dir='ltr'>convertitur.</span> 
     </span>
     <span class='ocr_line' id='line_1_23' title="bbox 49 2220 1064 2304; baseline -0.011 -16"><span class='ocrx_word' id='word_1_156' title='bbox 49 2288 55 2296; x_wconf 77' lang='grc'>,</span> <span class='ocrx_word' id='word_1_157' title='bbox 167 2225 235 2287; x_wconf 92' lang='lat' dir='ltr'>Nec</span> <span class='ocrx_word' id='word_1_158' title='bbox 259 2247 317 2288; x_wconf 90' lang='lat' dir='ltr'>uno</span> <span class='ocrx_word' id='word_1_159' title='bbox 340 2227 431 2286; x_wconf 89' lang='lat' dir='ltr'>modo</span> <span class='ocrx_word' id='word_1_160' title='bbox 454 2225 668 2304; x_wconf 82' lang='lat' dir='ltr'>interrogantes</span> <span class='ocrx_word' id='word_1_161' title='bbox 691 2238 807 2302; x_wconf 89' lang='lat' dir='ltr'>gestum</span> <span class='ocrx_word' id='word_1_162' title='bbox 830 2220 1064 2301; x_wconf 88' lang='lat' dir='ltr'>componimus:</span> 
     </span>
     <span class='ocr_line' id='line_1_24' title="bbox 122 2301 1065 2393; baseline -0.011 -22"><span class='ocrx_word' id='word_1_163' title='bbox 122 2310 299 2393; x_wconf 85' lang='lat' dir='ltr'>plerumque</span> <span class='ocrx_word' id='word_1_164' title='bbox 315 2326 414 2372; x_wconf 88' lang='lat' dir='ltr'>tamen</span> <span class='ocrx_word' id='word_1_165' title='bbox 430 2322 579 2370; x_wconf 89' lang='lat' dir='ltr'>vertentes</span> <span class='ocrx_word' id='word_1_166' title='bbox 598 2327 729 2380; x_wconf 81' lang='lat' dir='ltr'>manum,</span> <span class='ocrx_word' id='word_1_167' title='bbox 747 2319 898 2385; x_wconf 90' lang='lat' dir='ltr'>utcunque</span> <span class='ocrx_word' id='word_1_168' title='bbox 913 2301 1065 2382; x_wconf 91' lang='lat' dir='ltr'>composi·</span> 
     </span>
     <span class='ocr_line' id='line_1_25' title="bbox 122 2385 1065 2476; baseline -0.013 -20"><span class='ocrx_word' id='word_1_169' title='bbox 122 2409 153 2456; x_wconf 84' lang='lat' dir='ltr'>ta</span> <span class='ocrx_word' id='word_1_170' title='bbox 169 2410 223 2458; x_wconf 87' lang='lat' dir='ltr'>est.</span> <span class='ocrx_word' id='word_1_171' title='bbox 271 2395 382 2456; x_wconf 87' lang='lat' dir='ltr'>Pollici</span> <span class='ocrx_word' id='word_1_172' title='bbox 398 2389 549 2476; x_wconf 87' lang='lat' dir='ltr'>proximus</span> <span class='ocrx_word' id='word_1_173' title='bbox 566 2388 685 2470; x_wconf 87' lang='lat' dir='ltr'>digitus,</span> <span class='ocrx_word' id='word_1_174' title='bbox 702 2388 905 2467; x_wconf 88' lang='lat' dir='ltr'>mediumque,</span> <span class='ocrx_word' id='word_1_175' title='bbox 917 2406 976 2467; x_wconf 86' lang='lat' dir='ltr'>qua</span> <span class='ocrx_word' id='word_1_176' title='bbox 991 2385 1065 2446; x_wconf 82' lang='lat' dir='ltr'>dex·</span> 
     </span>
     <span class='ocr_line' id='line_1_26' title="bbox 86 2467 1065 2560; baseline -0.015 -18"><span class='ocrx_word' id='word_1_177' title='bbox 86 2493 170 2542; x_wconf 79' lang='lat' dir='ltr'>ester</span> <span class='ocrx_word' id='word_1_178' title='bbox 190 2494 249 2556; x_wconf 89' lang='lat' dir='ltr'>est,</span> <span class='ocrx_word' id='word_1_179' title='bbox 267 2499 394 2560; x_wconf 87' lang='lat' dir='ltr'>unguem</span> <span class='ocrx_word' id='word_1_180' title='bbox 418 2475 535 2558; x_wconf 91' lang='lat' dir='ltr'>pollicis</span> <span class='ocrx_word' id='word_1_181' title='bbox 558 2493 676 2534; x_wconf 90' lang='lat' dir='ltr'>summo</span> <span class='ocrx_word' id='word_1_182' title='bbox 698 2493 754 2534; x_wconf 91' lang='lat' dir='ltr'>suo</span> <span class='ocrx_word' id='word_1_183' title='bbox 775 2471 916 2554; x_wconf 81' lang='lat' dir='ltr'>jungens,</span> <span class='ocrx_word' id='word_1_184' title='bbox 933 2467 1065 2532; x_wconf 84' lang='lat' dir='ltr'>remissis</span> 
     </span>
     <span class='ocr_line' id='line_1_27' title="bbox 124 2551 1160 2642; baseline -0.014 -16"><span class='ocrx_word' id='word_1_185' title='bbox 124 2565 246 2639; x_wconf 89' lang='lat' dir='ltr'>ceteris,</span> <span class='ocrx_word' id='word_1_186' title='bbox 265 2578 310 2624; x_wconf 91' lang='lat' dir='ltr'>est</span> <span class='ocrx_word' id='word_1_187' title='bbox 333 2576 361 2622; x_wconf 89' lang='lat' dir='ltr'>et</span> <span class='ocrx_word' id='word_1_188' title='bbox 383 2558 625 2642; x_wconf 80' lang='lat' dir='ltr'>approbantibus,</span> <span class='ocrx_word' id='word_1_189' title='bbox 643 2572 674 2618; x_wconf 90' lang='lat' dir='ltr'>et</span> <span class='ocrx_word' id='word_1_190' title='bbox 695 2556 892 2632; x_wconf 88' lang='lat' dir='ltr'>narrantibus,</span> <span class='ocrx_word' id='word_1_191' title='bbox 910 2568 941 2617; x_wconf 90' lang='lat' dir='ltr'>et</span> <span class='ocrx_word' id='word_1_192' title='bbox 962 2551 1064 2615; x_wconf 85' lang='lat' dir='ltr'>distin·</span> <span class='ocrx_word' id='word_1_193' title='bbox 1156 2570 1160 2582; x_wconf 78' lang='lat'><em>¹</em></span> 
     </span>
     <span class='ocr_line' id='line_1_28' title="bbox 120 2637 1065 2731; baseline -0.011 -21"><span class='ocrx_word' id='word_1_194' title='bbox 120 2647 280 2731; x_wconf 87' lang='lat' dir='ltr'>guentibus</span> <span class='ocrx_word' id='word_1_195' title='bbox 297 2646 435 2704; x_wconf 88' lang='lat' dir='ltr'>decorus.</span> <span class='ocrx_word' id='word_1_196' title='bbox 482 2642 541 2705; x_wconf 89' lang='lat' dir='ltr'>Cui</span> <span class='ocrx_word' id='word_1_197' title='bbox 557 2663 616 2704; x_wconf 92' lang='lat' dir='ltr'>non</span> <span class='ocrx_word' id='word_1_198' title='bbox 633 2641 794 2718; x_wconf 89' lang='lat' dir='ltr'>dissimilis,</span> <span class='ocrx_word' id='word_1_199' title='bbox 812 2641 866 2703; x_wconf 92' lang='lat' dir='ltr'>sed</span> <span class='ocrx_word' id='word_1_200' title='bbox 883 2637 1065 2722; x_wconf 87' lang='lat' dir='ltr'>compressis</span> 
     </span>
     <span class='ocr_line' id='line_1_29' title="bbox 109 2724 1064 2812; baseline -0.013 -17"><span class='ocrx_word' id='word_1_201' title='bbox 109 2731 217 2795; x_wconf 75' lang='lat' dir='ltr'>tribus</span> <span class='ocrx_word' id='word_1_202' title='bbox 234 2728 341 2810; x_wconf 89' lang='lat' dir='ltr'>digitis,</span> <span class='ocrx_word' id='word_1_203' title='bbox 357 2750 416 2812; x_wconf 93' lang='lat' dir='ltr'>quo</span> <span class='ocrx_word' id='word_1_204' title='bbox 432 2749 509 2790; x_wconf 89' lang='lat' dir='ltr'>nunc</span> <span class='ocrx_word' id='word_1_205' title='bbox 527 2727 816 2811; x_wconf 82' lang='lat' dir='ltr'>Graeciplurimum</span> <span class='ocrx_word' id='word_1_206' title='bbox 831 2739 961 2799; x_wconf 88' lang='lat' dir='ltr'>utuntur,</span> <span class='ocrx_word' id='word_1_207' title='bbox 975 2724 1064 2786; x_wconf 89' lang='lat' dir='ltr'>etiam</span> 
     </span>
     <span class='ocr_line' id='line_1_30' title="bbox 122 2811 1064 2899; baseline -0.01 -21"><span class='ocrx_word' id='word_1_208' title='bbox 122 2830 247 2897; x_wconf 89' lang='lat' dir='ltr'>utraque</span> <span class='ocrx_word' id='word_1_209' title='bbox 262 2835 361 2890; x_wconf 88' lang='lat' dir='ltr'>manu,</span> <span class='ocrx_word' id='word_1_210' title='bbox 373 2814 489 2897; x_wconf 90' lang='lat' dir='ltr'>quoties</span> <span class='ocrx_word' id='word_1_211' title='bbox 505 2815 726 2896; x_wconf 87' lang='lat' dir='ltr'>enthymemata</span> <span class='ocrx_word' id='word_1_212' title='bbox 741 2835 793 2876; x_wconf 90' lang='lat' dir='ltr'>sua</span> <span class='ocrx_word' id='word_1_213' title='bbox 808 2828 894 2894; x_wconf 90' lang='lat' dir='ltr'>gestu</span> <span class='ocrx_word' id='word_1_214' title='bbox 904 2811 986 2874; x_wconf 87' lang='lat' dir='ltr'>velut</span> <span class='ocrx_word' id='word_1_215' title='bbox 996 2830 1064 2899; x_wconf 85' lang='lat' dir='ltr'>cor-</span> 
     </span>
     <span class='ocr_line' id='line_1_31' title="bbox 88 2897 1064 2979; baseline -0.011 -16"><span class='ocrx_word' id='word_1_216' title='bbox 88 2901 291 2970; x_wconf 73' lang='lat' dir='ltr'>scrutandam.</span> <span class='ocrx_word' id='word_1_217' title='bbox 339 2899 462 2962; x_wconf 85' lang='lat' dir='ltr'>Caesint</span> <span class='ocrx_word' id='word_1_218' title='bbox 485 2921 589 2961; x_wconf 85' lang='lat' dir='ltr'>manus</span> <span class='ocrx_word' id='word_1_219' title='bbox 610 2899 705 2960; x_wconf 91' lang='lat' dir='ltr'>lenior</span> <span class='ocrx_word' id='word_1_220' title='bbox 722 2897 868 2979; x_wconf 89' lang='lat' dir='ltr'>promittit</span> <span class='ocrx_word' id='word_1_221' title='bbox 887 2910 919 2956; x_wconf 88' lang='lat' dir='ltr'>et</span> <span class='ocrx_word' id='word_1_222' title='bbox 933 2907 1064 2955; x_wconf 85' lang='lat' dir='ltr'>assenta-</span> 
     </span>
     <span class='ocr_line' id='line_1_32' title="bbox 123 2977 1064 3060; baseline -0.015 -13"><span class='ocrx_word' id='word_1_223' title='bbox 123 3001 182 3060; x_wconf 88' lang='lat' dir='ltr'>tur,</span> <span class='ocrx_word' id='word_1_224' title='bbox 200 2985 317 3047; x_wconf 88' lang='lat' dir='ltr'>citatior</span> <span class='ocrx_word' id='word_1_225' title='bbox 332 2985 474 3055; x_wconf 85' lang='lat' dir='ltr'>hortatur,</span> <span class='ocrx_word' id='word_1_226' title='bbox 489 2983 603 3042; x_wconf 88' lang='lat' dir='ltr'>interim</span> <span class='ocrx_word' id='word_1_227' title='bbox 620 2982 729 3042; x_wconf 85' lang='lat' dir='ltr'>laudat.</span> <span class='ocrx_word' id='word_1_228' title='bbox 777 2979 836 3037; x_wconf 86' lang='lat' dir='ltr'>Est</span> <span class='ocrx_word' id='word_1_229' title='bbox 851 2991 881 3037; x_wconf 93' lang='lat' dir='ltr'>et</span> <span class='ocrx_word' id='word_1_230' title='bbox 896 2977 945 3036; x_wconf 89' lang='lat' dir='ltr'>ille</span> <span class='ocrx_word' id='word_1_231' title='bbox 961 2995 1064 3054; x_wconf 86' lang='lat' dir='ltr'>urgen-</span> 
     </span>
     <span class='ocr_line' id='line_1_33' title="bbox 123 3056 1065 3146; baseline -0.014 -15"><span class='ocrx_word' id='word_1_232' title='bbox 123 3070 161 3132; x_wconf 86' lang='lat' dir='ltr'>tis</span> <span class='ocrx_word' id='word_1_233' title='bbox 184 3068 349 3129; x_wconf 89' lang='lat' dir='ltr'>orationem</span> <span class='ocrx_word' id='word_1_234' title='bbox 368 3081 467 3146; x_wconf 90' lang='lat' dir='ltr'>gestus</span> <span class='ocrx_word' id='word_1_235' title='bbox 488 3063 614 3144; x_wconf 88' lang='lat' dir='ltr'>vulgaris</span> <span class='ocrx_word' id='word_1_236' title='bbox 636 3062 740 3142; x_wconf 86' lang='lat' dir='ltr'>magis,</span> <span class='ocrx_word' id='word_1_237' title='bbox 757 3081 846 3141; x_wconf 87' lang='lat' dir='ltr'>qnam</span> <span class='ocrx_word' id='word_1_238' title='bbox 865 3080 905 3119; x_wconf 83' lang='lat' dir='ltr'>ex</span> <span class='ocrx_word' id='word_1_239' title='bbox 922 3071 997 3133; x_wconf 90' lang='lat' dir='ltr'>arte,</span> <span class='ocrx_word' id='word_1_240' title='bbox 1014 3056 1065 3138; x_wconf 90' lang='lat' dir='ltr'>qui</span> 
     </span>
    </p>
   </div>
   <div class='ocr_carea' id='block_1_5' title="bbox 91 3143 1211 3725">
    <p class='ocr_par' dir='ltr' id='par_1_7' title="bbox 91 3143 1211 3575">
     <span class='ocr_line' id='line_1_34' title="bbox 122 3143 997 3228; baseline -0.017 -12"><span class='ocrx_word' id='word_1_241' title='bbox 122 3151 270 3216; x_wconf 86' lang='lat' dir='ltr'>contrahit</span> <span class='ocrx_word' id='word_1_242' title='bbox 285 3151 397 3212; x_wconf 90' lang='lat' dir='ltr'>alterno</span> <span class='ocrx_word' id='word_1_243' title='bbox 413 3147 563 3228; x_wconf 88' lang='lat' dir='ltr'>celerique</span> <span class='ocrx_word' id='word_1_244' title='bbox 578 3160 662 3207; x_wconf 91' lang='lat' dir='ltr'>motu</span> <span class='ocrx_word' id='word_1_245' title='bbox 677 3159 707 3206; x_wconf 90' lang='lat' dir='ltr'>et</span> <span class='ocrx_word' id='word_1_246' title='bbox 723 3143 853 3226; x_wconf 81' lang='lat' dir='ltr'>explicat</span> <span class='ocrx_word' id='word_1_247' title='bbox 868 3163 997 3203; x_wconf 88' lang='lat' dir='ltr'>manum.</span> 
     </span>
     <span class='ocr_line' id='line_1_35' title="bbox 169 3226 1211 3313; baseline -0.012 -15"><span class='ocrx_word' id='word_1_248' title='bbox 169 3235 228 3298; x_wconf 89' lang='lat' dir='ltr'>Est</span> <span class='ocrx_word' id='word_1_249' title='bbox 243 3250 273 3298; x_wconf 92' lang='lat' dir='ltr'>et</span> <span class='ocrx_word' id='word_1_250' title='bbox 288 3235 336 3296; x_wconf 93' lang='lat' dir='ltr'>illa</span> <span class='ocrx_word' id='word_1_251' title='bbox 352 3255 427 3296; x_wconf 87' lang='lat' dir='ltr'>cava</span> <span class='ocrx_word' id='word_1_252' title='bbox 443 3248 473 3294; x_wconf 87' lang='lat' dir='ltr'>et</span> <span class='ocrx_word' id='word_1_253' title='bbox 492 3253 569 3308; x_wconf 90' lang='lat' dir='ltr'>rara,</span> <span class='ocrx_word' id='word_1_254' title='bbox 587 3245 618 3293; x_wconf 89' lang='lat' dir='ltr'>et</span> <span class='ocrx_word' id='word_1_255' title='bbox 637 3251 725 3313; x_wconf 92' lang='lat' dir='ltr'>supra</span> <span class='ocrx_word' id='word_1_256' title='bbox 746 3228 861 3291; x_wconf 86' lang='lat' dir='ltr'>humeri</span> <span class='ocrx_word' id='word_1_257' title='bbox 882 3226 1064 3291; x_wconf 87' lang='lat' dir='ltr'>altitudinem</span> <span class='ocrx_word' id='word_1_258' title='bbox 1136 3297 1140 3300; x_wconf 37' lang='grc'>,</span> <span class='ocrx_word' id='word_1_259' title='bbox 1208 3292 1211 3299; x_wconf 45' lang='grc'>,</span> 
     </span>
     <span class='ocr_line' id='line_1_36' title="bbox 91 3313 1066 3404; baseline -0.011 -17"><span class='ocrx_word' id='word_1_260' title='bbox 91 3324 203 3388; x_wconf 74' lang='lat' dir='ltr'>uelata</span> <span class='ocrx_word' id='word_1_261' title='bbox 219 3343 287 3384; x_wconf 91' lang='lat' dir='ltr'>cum</span> <span class='ocrx_word' id='word_1_262' title='bbox 303 3322 432 3404; x_wconf 90' lang='lat' dir='ltr'>quodam</span> <span class='ocrx_word' id='word_1_263' title='bbox 448 3331 530 3380; x_wconf 89' lang='lat' dir='ltr'>motu</span> <span class='ocrx_word' id='word_1_264' title='bbox 545 3317 627 3380; x_wconf 87' lang='lat' dir='ltr'>velut</span> <span class='ocrx_word' id='word_1_265' title='bbox 640 3315 784 3378; x_wconf 85' lang='lat' dir='ltr'>hortatrix</span> <span class='ocrx_word' id='word_1_266' title='bbox 799 3335 912 3377; x_wconf 89' lang='lat' dir='ltr'>manus.</span> <span class='ocrx_word' id='word_1_267' title='bbox 950 3313 981 3376; x_wconf 89' lang='lat' dir='ltr'>A</span> <span class='ocrx_word' id='word_1_268' title='bbox 998 3335 1066 3397; x_wconf 90' lang='lat' dir='ltr'>per·</span> 
     </span>
     <span class='ocr_line' id='line_1_37' title="bbox 128 3398 1067 3490; baseline -0.012 -20"><span class='ocrx_word' id='word_1_269' title='bbox 128 3407 234 3490; x_wconf 84' lang='lat' dir='ltr'>agrinis</span> <span class='ocrx_word' id='word_1_270' title='bbox 262 3406 372 3469; x_wconf 91' lang='lat' dir='ltr'>scholis</span> <span class='ocrx_word' id='word_1_271' title='bbox 399 3420 497 3468; x_wconf 89' lang='lat' dir='ltr'>tamen</span> <span class='ocrx_word' id='word_1_272' title='bbox 523 3423 619 3486; x_wconf 88' lang='lat' dir='ltr'>prope</span> <span class='ocrx_word' id='word_1_273' title='bbox 644 3415 768 3484; x_wconf 87' lang='lat' dir='ltr'>recepta</span> <span class='ocrx_word' id='word_1_274' title='bbox 791 3401 927 3476; x_wconf 89' lang='lat' dir='ltr'>tremula,</span> <span class='ocrx_word' id='word_1_275' title='bbox 944 3398 1067 3462; x_wconf 82' lang='lat' dir='ltr'>scenica</span> 
     </span>
     <span class='ocr_line' id='line_1_38' title="bbox 124 3485 1067 3575; baseline -0.015 -19"><span class='ocrx_word' id='word_1_276' title='bbox 124 3493 183 3556; x_wconf 82' lang='lat' dir='ltr'>est.</span> <span class='ocrx_word' id='word_1_277' title='bbox 230 3492 365 3575; x_wconf 88' lang='lat' dir='ltr'>Digitus,</span> <span class='ocrx_word' id='word_1_278' title='bbox 383 3511 452 3553; x_wconf 91' lang='lat' dir='ltr'>cum</span> <span class='ocrx_word' id='word_1_279' title='bbox 468 3489 576 3552; x_wconf 88' lang='lat' dir='ltr'>summi</span> <span class='ocrx_word' id='word_1_280' title='bbox 592 3488 737 3564; x_wconf 87' lang='lat' dir='ltr'>coierunt,</span> <span class='ocrx_word' id='word_1_281' title='bbox 755 3488 793 3548; x_wconf 89' lang='lat' dir='ltr'>ad</span> <span class='ocrx_word' id='word_1_282' title='bbox 809 3509 863 3550; x_wconf 90' lang='lat' dir='ltr'>nos</span> <span class='ocrx_word' id='word_1_283' title='bbox 879 3485 1001 3554; x_wconf 76' lang='lat' dir='ltr'>referre,</span> <span class='ocrx_word' id='word_1_284' title='bbox 1012 3497 1067 3538; x_wconf 82' lang='lat' dir='ltr'>cur</span> 
     </span>
    </p>

    <p class='ocr_par' dir='ltr' id='par_1_8' title="bbox 127 3557 1131 3725">
     <span class='ocr_line' id='line_1_39' title="bbox 127 3557 1065 3662; baseline -0.025 -21"><span class='ocrx_word' id='word_1_285' title='bbox 127 3578 304 3662; x_wconf 81' lang='lat' dir='ltr'>quibusdam</span> <span class='ocrx_word' id='word_1_286' title='bbox 319 3575 514 3661; x_wconf 88' lang='lat' dir='ltr'>displicuerit,</span> <span class='ocrx_word' id='word_1_287' title='bbox 532 3573 648 3638; x_wconf 83' lang='lat' dir='ltr'>nescio.</span> <span class='ocrx_word' id='word_1_288' title='bbox 695 3571 773 3636; x_wconf 89' lang='lat' dir='ltr'>Nam</span> <span class='ocrx_word' id='word_1_289' title='bbox 791 3572 823 3634; x_wconf 90' lang='lat' dir='ltr'>id</span> <span class='ocrx_word' id='word_1_290' title='bbox 838 3586 874 3641; x_wconf 63' lang='lat' dir='ltr'>,et</span> <span class='ocrx_word' id='word_1_291' title='bbox 891 3567 995 3630; x_wconf 85' lang='lat' dir='ltr'>leviter</span> <span class='ocrx_word' id='word_1_292' title='bbox 1013 3557 1065 3621; x_wconf 90' lang='lat' dir='ltr'>ad·</span> 
     </span>
     <span class='ocr_line' id='line_1_40' title="bbox 400 3665 1131 3725; baseline -0.007 -4"><span class='ocrx_word' id='word_1_293' title='bbox 400 3665 460 3725; x_wconf 70' lang='lat'>17*</span> <span class='ocrx_word' id='word_1_294' title='bbox 1127 3679 1131 3682; x_wconf 90' lang='grc'><em>·</em></span> 
     </span>
    </p>
   </div>
   <div class='ocr_carea' id='block_1_6' title="bbox 0 0 1234 4200">
    <p class='ocr_par' dir='ltr' id='par_1_9' title="bbox 0 0 1234 4200">
     <span class='ocr_line' id='line_1_41' title="bbox 0 0 1234 4200; baseline 0 0"><span class='ocrx_word' id='word_1_295' title='bbox 0 0 1234 4200; x_wconf 95' lang='lat' dir='ltr'> </span> 
     </span>
    </p>
   </div>
  </div>
 </body>
</html>
