2459 4200
3 367 5 420 l

3 427 5 494 l

3 531 5 586 i

356 281 508 376 anaspia
525 283 676 338 canons
693 284 830 332 errare.
1032 271 1077 334 79

133 435 175 514 id,
188 434 270 533 quod
280 433 386 510 efficit,
400 455 439 498 ex
449 455 499 511 eo,
510 436 591 518 quod
606 435 744 515 efficirim
756 435 951 501 osundimae.
997 433 1078 502 Nem

132 536 162 586 et
177 541 345 584 carminum
360 534 511 598 auctores,

243 623 340 672 Pallida
351 637 417 672 more
428 638 508 687 aequm
521 623 602 687 pulsat
613 624 677 688 pede
687 640 824 690 pauperm
835 625 960 684 tabemn,

134 721 176 786 et,

111 812 127 850 5
245 809 418 874 Pallentesque
429 809 538 859 habitant
549 810 638 869 morbi,
650 811 773 876 mtieque
785 819 920 870 mentm

134 907 275 995 atuorator
283 894 481 976 praeeipitem
491 894 582 972 iram,
593 895 723 958 hilarem
733 896 976 974 adolescentiam,
987 913 1076 978 regne

131 981 347 1128 Mtssptdppieatm
365 1063 434 1126 huic
453 1077 540 1148 tropo
562 1067 711 1149 quaedam
732 1087 801 1129 cum
821 1065 1016 1150 synecdoche
1030 1065 1074 1128 vi·

132 1149 222 1212 cinia.
279 1147 371 1228 Nam,
387 1170 456 1211 eum
480 1149 550 1212 dico
577 1153 679 1213 auitae
700 1153 831 1214 dominia
848 1173 905 1235 pro
918 1151 1013 1228 vultu,
1030 1149 1075 1214 di·

3 1243 4 1326 }
99 1253 176 1297 1oco
198 1235 356 1317 pluraliter,
381 1234 462 1317 quod
484 1234 630 1316 singulare
653 1251 721 1311 est3
747 1237 802 1300 sed
824 1257 884 1298 non
905 1236 935 1298 id
958 1256 1028 1316 ago,
1045 1246 1078 1296 ut

134 1342 225 1383 unum
248 1341 287 1382 ex
309 1320 407 1382 multis
430 1319 607 1401 intelligatur
632 1321 714 1402 (nam
737 1320 767 1382 id
789 1333 836 1382 est
858 1318 1072 1401 manifestum)
1121 1363 1125 1375 ,

131 1407 187 1468 sed
210 1427 321 1467 nomen
343 1404 489 1466 immuto:
514 1420 555 1482 at,
573 1427 644 1468 eum
665 1420 766 1468 aurata
789 1418 880 1482 tecta,
897 1423 1004 1480 aurea,
1020 1424 1075 1487 pu·

132 1491 230 1554 sillum
246 1512 263 1552 a
279 1511 351 1552 vero
368 1489 504 1566 discedo,
523 1490 591 1572 quia
611 1512 673 1553 nou
696 1505 742 1554 est
762 1490 818 1554 nisi
837 1511 906 1573 pars
926 1502 1070 1553 auratum.

132 1576 223 1646 Quae
246 1575 359 1658 singula
381 1574 518 1657 exsequi,
535 1576 699 1639 minutioris
721 1591 768 1640 est
790 1597 892 1654 curae,
910 1575 999 1638 etiam
1014 1595 1076 1638 non

3 1655 4 1662 ¹
99 1677 283 1724 moratorem
300 1659 526 1722 instituentibus.

177 1745 410 1822 Aaronomasia,
430 1766 504 1828 quae
527 1746 636 1829 aliquid
663 1769 718 1830 pro
743 1747 862 1809 nomine
888 1745 984 1827 ponit,
1001 1747 1076 1825 poi·

132 1833 170 1895 tis
195 1853 313 1914 quoque
330 1831 420 1892 modo
443 1829 690 1912 frequentissima,
707 1844 738 1892 et
761 1852 816 1914 per
830 1830 991 1910 epitheton,
1008 1827 1078 1909 quia

135 1919 272 1979 detracto
296 1937 344 1992 eo,
373 1916 421 1978 cui
449 1916 618 1996 apponitur,
644 1916 723 1978 valet
743 1936 799 1998 pro
817 1912 947 1989 nomine,
980 1911 1076 1996 Tydi-

134 2003 198 2077 des,
212 2002 357 2064 Pelides:
378 2015 409 2064 et
424 2023 464 2063 ex
479 2000 537 2078 his,
549 2021 626 2085 quae
652 2001 682 2063 in
702 2019 881 2084 quocunque
895 2012 965 2063 sunt
985 2015 1076 2082 prae·

99 2089 239 2171 accipito,

251 2190 419 2239 -Divom
431 2198 509 2255 pater,
522 2198 596 2253 atque
607 2191 735 2240 hominum
746 2206 790 2239 rex
802 2206 808 2237 :

136 2308 219 2357 etex
234 2292 333 2371 factis,
350 2292 455 2375 quibus
472 2314 598 2376 persona
614 2292 754 2373 signatur,

253 2424 319 2433 --
328 2396 449 2445 Thalama
462 2410 526 2459 qaae
537 2394 584 2443 fixa
597 2393 695 2456 reliquit
706 2391 809 2455 Impius.

136 2481 314 2545 Oratoribus
337 2479 453 2543 etiamsi
471 2500 552 2543 rarus
571 2476 636 2562 ejus
660 2476 715 2555 rei,
732 2474 886 2537 nonnullus
908 2486 1008 2535 tameo
1029 2494 1078 2537 us-

102 2585 171 2630 esus
194 2581 252 2631 est.
308 2564 400 2643 Nam,
422 2578 454 2627 ut
486 2564 627 2648 Tydiden
649 2577 679 2626 et
706 2562 836 2625 Peliden
857 2582 917 2623 non
937 2557 1077 2639 dixerint,

136 2653 178 2715 ita
201 2653 340 2715 dixerunt
361 2650 489 2730 impium
512 2670 567 2733 pro
589 2649 760 2733 parricida:
782 2666 944 2708 eversorem
959 2667 1079 2731 quoque

142 2736 344 2819 Carthaginis
362 2744 389 2795 et
406 2734 598 2797 Numantiae
622 2756 676 2818 pro
701 2732 859 2817 Scipione,
875 2747 906 2796 et
921 2733 1079 2795 Romanae

137 2823 322 2905 eloquentiae
335 2820 507 2903 principem
523 2842 578 2904 pro
594 2820 746 2885 Cicerone
767 2818 904 2904 posuisse
919 2840 979 2880 non
994 2818 1079 2880 dubi·

137 2922 209 2971 tent.
257 2906 330 2990 Ipse
353 2920 436 2969 certe
459 2928 528 2969 usus
551 2921 597 2969 cst
619 2906 675 2969 hac
698 2905 858 2969 libertate:
879 2905 959 2966 Nan
984 2902 1080 2965 multo

3 3044 4 3053 2
104 3012 253 3075 aapeeaas,
264 2992 364 3074 inquit
378 2991 432 3052 ille
439 2990 609 3073 fortissimo
624 2991 689 3052 aire
704 2992 804 3052 senior
818 2990 972 3068 magister.
996 2986 1080 3047 Neu·

137 3093 215 3141 trum
234 3078 312 3139 enim
331 3096 440 3139 nomeu
458 3092 503 3140 est
522 3076 664 3160 positum,
682 3089 712 3135 et
727 3088 882 3150 utrumque
898 3068 1078 3146 intelligitur.

182 3170 395 3235 Ὀνοματοποιΐα
411 3163 542 3245 quidem,
560 3160 589 3221 ld
613 3172 671 3234 est,
688 3154 776 3239 fictio
792 3152 934 3228 nominis,
953 3148 1081 3217 Graecis

139 3247 218 3309 inter
247 3249 389 3312 maximas
419 3248 518 3309 habita
542 3244 677 3317 virtutes,
702 3240 790 3303 nobis
813 3238 865 3301 vix
891 3237 1079 3322 permittitur.

137 3332 182 3396 Et
201 3348 268 3395 sunt
291 3334 416 3416 plurima
435 3334 474 3395 ita
492 3330 588 3416 posita
606 3328 645 3392 ab
663 3328 710 3406 iis,
730 3326 780 3411 qui
803 3348 972 3389 sermonem
995 3326 1083 3411 primi

105 3416 285 3495 refecerunt,
312 3432 448 3502 aptantes
471 3416 626 3479 affectibus
651 3436 770 3478 vocem.
827 3412 906 3476 Nam
935 3415 1081 3495 magiter,

140 3518 171 3565 et
184 3503 305 3579 sibilus,
320 3519 350 3567 et
365 3523 501 3567 marmur
517 3500 585 3563 inde
595 3515 748 3563 venerunt.
795 3497 931 3575 Deinde,
944 3513 1083 3589 tanqpanr

142 3604 350 3653 consummata
372 3590 430 3653 sint
451 3586 562 3663 omnia,
579 3585 650 3648 nihil
675 3607 818 3670 generare
842 3586 985 3648 audemus
1012 3594 1081 3659 rpsr,
