<?xml version="1.0" encoding="UTF-8"?>
<!DOCTYPE html PUBLIC "-//W3C//DTD XHTML 1.0 Transitional//EN"
    "http://www.w3.org/TR/xhtml1/DTD/xhtml1-transitional.dtd">
<html xmlns="http://www.w3.org/1999/xhtml" xml:lang="en" lang="en">
 <head>
  <title>
</title>
<meta http-equiv="Content-Type" content="text/html;charset=utf-8" />
  <meta name='ocr-system' content='tesseract 3.04.00' />
  <meta name='ocr-capabilities' content='ocr_page ocr_carea ocr_par ocr_line ocrx_word'/>
</head>
<body>
  <div class='ocr_page' id='page_1' title='image "./mfabiiquinctili00aldegoog_0138.png"; bbox 0 0 2459 4200; ppageno 0'>
   <div class='ocr_carea' id='block_1_1' title="bbox 203 261 888 332">
    <p class='ocr_par' dir='ltr' id='par_1_1' title="bbox 203 261 888 332">
     <span class='ocr_line' id='line_1_1' title="bbox 203 261 888 332; baseline -0.003 -6"><span class='ocrx_word' id='word_1_1' title='bbox 203 261 263 326; x_wconf 71' lang='lat'>182</span> <span class='ocrx_word' id='word_1_2' title='bbox 487 279 525 324; x_wconf 84' lang='grc' dir='ltr'>ιι.</span> <span class='ocrx_word' id='word_1_3' title='bbox 546 277 642 322; x_wconf 81' lang='lat' dir='ltr'>rtau</span> <span class='ocrx_word' id='word_1_4' title='bbox 659 275 888 332; x_wconf 74' lang='lat' dir='ltr'>catarnaum</span> 
     </span>
    </p>
   </div>
   <div class='ocr_carea' id='block_1_2' title="bbox 87 427 1211 3753">
    <p class='ocr_par' dir='ltr' id='par_1_2' title="bbox 196 427 1144 515">
     <span class='ocr_line' id='line_1_2' title="bbox 196 427 1144 515; baseline -0.005 -21"><span class='ocrx_word' id='word_1_5' title='bbox 196 429 358 513; x_wconf 75' lang='lat' dir='ltr'>multoque,</span> <span class='ocrx_word' id='word_1_6' title='bbox 384 449 474 514; x_wconf 88' lang='lat' dir='ltr'>quarn</span> <span class='ocrx_word' id='word_1_7' title='bbox 503 428 533 492; x_wconf 92' lang='lat' dir='ltr'>in</span> <span class='ocrx_word' id='word_1_8' title='bbox 560 429 757 507; x_wconf 81' lang='lat' dir='ltr'>orationibus,</span> <span class='ocrx_word' id='word_1_9' title='bbox 780 427 983 515; x_wconf 71' lang='lat' dir='ltr'>praestantior</span> <span class='ocrx_word' id='word_1_10' title='bbox 1012 427 1144 504; x_wconf 68' lang='lat' dir='ltr'>Bmar,</span> 
     </span>
    </p>

    <p class='ocr_par' dir='ltr' id='par_1_3' title="bbox 194 513 1143 599">
     <span class='ocr_line' id='line_1_3' title="bbox 194 513 1143 599; baseline -0.006 -19"><span class='ocrx_word' id='word_1_11' title='bbox 194 515 313 580; x_wconf 86' lang='lat' dir='ltr'>suffecit</span> <span class='ocrx_word' id='word_1_12' title='bbox 336 515 461 599; x_wconf 89' lang='lat' dir='ltr'>ponderi</span> <span class='ocrx_word' id='word_1_13' title='bbox 484 535 606 578; x_wconf 86' lang='lat' dir='ltr'>rerum:</span> <span class='ocrx_word' id='word_1_14' title='bbox 631 516 711 579; x_wconf 90' lang='lat' dir='ltr'>scias</span> <span class='ocrx_word' id='word_1_15' title='bbox 733 537 802 578; x_wconf 91' lang='lat' dir='ltr'>eum</span> <span class='ocrx_word' id='word_1_16' title='bbox 825 517 951 595; x_wconf 86' lang='lat' dir='ltr'>sentire,</span> <span class='ocrx_word' id='word_1_17' title='bbox 967 535 1044 598; x_wconf 88' lang='lat' dir='ltr'>quae</span> <span class='ocrx_word' id='word_1_18' title='bbox 1059 513 1143 577; x_wconf 90' lang='lat' dir='ltr'>dicit.</span> 
     </span>
    </p>

    <p class='ocr_par' dir='ltr' id='par_1_4' title="bbox 196 598 1146 686">
     <span class='ocr_line' id='line_1_4' title="bbox 196 598 1146 686; baseline -0.004 -20"><span class='ocrx_word' id='word_1_19' title='bbox 196 598 327 686; x_wconf 83' lang='lat' dir='ltr'>Scripsit</span> <span class='ocrx_word' id='word_1_20' title='bbox 341 621 402 664; x_wconf 91' lang='lat' dir='ltr'>non</span> <span class='ocrx_word' id='word_1_21' title='bbox 418 621 521 686; x_wconf 84' lang='lat' dir='ltr'>parum</span> <span class='ocrx_word' id='word_1_22' title='bbox 536 600 629 664; x_wconf 88' lang='lat' dir='ltr'>multa</span> <span class='ocrx_word' id='word_1_23' title='bbox 648 601 811 664; x_wconf 72' lang='lat' dir='ltr'>comedim</span> <span class='ocrx_word' id='word_1_24' title='bbox 826 601 950 678; x_wconf 72' lang='lat' dir='ltr'>Gabar,</span> <span class='ocrx_word' id='word_1_25' title='bbox 967 598 1084 662; x_wconf 74' lang='lat' dir='ltr'>Sestio:</span> <span class='ocrx_word' id='word_1_26' title='bbox 1099 621 1146 662; x_wconf 92' lang='lat' dir='ltr'>se·</span> 
     </span>
    </p>

    <p class='ocr_par' dir='ltr' id='par_1_5' title="bbox 194 683 1146 764">
     <span class='ocr_line' id='line_1_5' title="bbox 194 683 1146 764; baseline -0.003 -15"><span class='ocrx_word' id='word_1_27' title='bbox 194 699 293 764; x_wconf 89' lang='lat' dir='ltr'>cutus,</span> <span class='ocrx_word' id='word_1_28' title='bbox 307 708 367 749; x_wconf 91' lang='lat' dir='ltr'>nou</span> <span class='ocrx_word' id='word_1_29' title='bbox 382 686 445 749; x_wconf 91' lang='lat' dir='ltr'>sine</span> <span class='ocrx_word' id='word_1_30' title='bbox 461 685 542 748; x_wconf 86' lang='lat' dir='ltr'>cultu</span> <span class='ocrx_word' id='word_1_31' title='bbox 557 708 593 749; x_wconf 89' lang='lat' dir='ltr'>ac</span> <span class='ocrx_word' id='word_1_32' title='bbox 609 687 716 750; x_wconf 88' lang='lat' dir='ltr'>nitore.</span> <span class='ocrx_word' id='word_1_33' title='bbox 764 688 907 749; x_wconf 79' lang='lat' dir='ltr'>Plancus</span> <span class='ocrx_word' id='word_1_34' title='bbox 922 686 952 748; x_wconf 92' lang='lat' dir='ltr'>in</span> <span class='ocrx_word' id='word_1_35' title='bbox 969 683 1086 749; x_wconf 82' lang='lat' dir='ltr'><strong>Stoicis</strong></span> <span class='ocrx_word' id='word_1_36' title='bbox 1101 705 1146 746; x_wconf 89' lang='lat' dir='ltr'>re·</span> 
     </span>
    </p>

    <p class='ocr_par' dir='ltr' id='par_1_6' title="bbox 194 769 1165 941">
     <span class='ocr_line' id='line_1_6' title="bbox 194 769 1165 856; baseline -0.002 -22"><span class='ocrx_word' id='word_1_37' title='bbox 194 791 260 834; x_wconf 88' lang='lat' dir='ltr'>rum</span> <span class='ocrx_word' id='word_1_38' title='bbox 275 771 447 855; x_wconf 79' lang='lat' dir='ltr'><strong>cognitione</strong></span> <span class='ocrx_word' id='word_1_39' title='bbox 467 771 555 834; x_wconf 90' lang='lat' dir='ltr'>utilis.</span> <span class='ocrx_word' id='word_1_40' title='bbox 605 771 642 834; x_wconf 93' lang='lat' dir='ltr'>In</span> <span class='ocrx_word' id='word_1_41' title='bbox 660 771 820 856; x_wconf 84' lang='lat' dir='ltr'>Epicureis</span> <span class='ocrx_word' id='word_1_42' title='bbox 843 771 923 835; x_wconf 87' lang='lat' dir='ltr'>levis</span> <span class='ocrx_word' id='word_1_43' title='bbox 939 770 1077 856; x_wconf 89' lang='lat' dir='ltr'>quidem,</span> <span class='ocrx_word' id='word_1_44' title='bbox 1094 769 1165 833; x_wconf 79' lang='lat' dir='ltr'>seda</span> 
     </span>
     <span class='ocr_line' id='line_1_7' title="bbox 194 856 879 941; baseline -0.006 -21"><span class='ocrx_word' id='word_1_45' title='bbox 194 877 255 920; x_wconf 88' lang='lat' dir='ltr'>non</span> <span class='ocrx_word' id='word_1_46' title='bbox 269 856 446 941; x_wconf 88' lang='lat' dir='ltr'>injucundus</span> <span class='ocrx_word' id='word_1_47' title='bbox 461 871 560 920; x_wconf 88' lang='lat' dir='ltr'>tamen</span> <span class='ocrx_word' id='word_1_48' title='bbox 575 873 681 920; x_wconf 79' lang='lat' dir='ltr'>auctor</span> <span class='ocrx_word' id='word_1_49' title='bbox 696 871 743 920; x_wconf 89' lang='lat' dir='ltr'>est</span> <span class='ocrx_word' id='word_1_50' title='bbox 758 856 879 919; x_wconf 65' lang='lat' dir='ltr'>Gadara.</span> 
     </span>
    </p>

    <p class='ocr_par' dir='ltr' id='par_1_7' title="bbox 194 940 1172 1876">
     <span class='ocr_line' id='line_1_8' title="bbox 238 940 1145 1024; baseline -0.002 -20"><span class='ocrx_word' id='word_1_51' title='bbox 238 941 290 1004; x_wconf 85' lang='lat' dir='ltr'>Ex</span> <span class='ocrx_word' id='word_1_52' title='bbox 301 943 441 1006; x_wconf 85' lang='lat' dir='ltr'>industria</span> <span class='ocrx_word' id='word_1_53' title='bbox 459 942 603 1005; x_wconf 72' lang='lat' dir='ltr'>&amp;nocam</span> <span class='ocrx_word' id='word_1_54' title='bbox 620 943 649 1004; x_wconf 91' lang='lat' dir='ltr'>in</span> <span class='ocrx_word' id='word_1_55' title='bbox 664 941 744 1004; x_wconf 90' lang='lat' dir='ltr'>omni</span> <span class='ocrx_word' id='word_1_56' title='bbox 755 962 865 1024; x_wconf 84' lang='lat' dir='ltr'>genere</span> <span class='ocrx_word' id='word_1_57' title='bbox 877 940 1075 1024; x_wconf 77' lang='lat' dir='ltr'>eloquentiae</span> <span class='ocrx_word' id='word_1_58' title='bbox 1087 940 1145 1002; x_wconf 90' lang='lat' dir='ltr'>dis·</span> 
     </span>
     <span class='ocr_line' id='line_1_9' title="bbox 194 1025 1146 1111; baseline -0.004 -21"><span class='ocrx_word' id='word_1_59' title='bbox 194 1026 258 1104; x_wconf 88' lang='lat' dir='ltr'>tuli,</span> <span class='ocrx_word' id='word_1_60' title='bbox 276 1041 399 1111; x_wconf 86' lang='lat' dir='ltr'>propter</span> <span class='ocrx_word' id='word_1_61' title='bbox 413 1028 562 1110; x_wconf 83' lang='lat' dir='ltr'><strong>vulgatam</strong></span> <span class='ocrx_word' id='word_1_62' title='bbox 577 1026 653 1090; x_wconf 88' lang='lat' dir='ltr'>salso</span> <span class='ocrx_word' id='word_1_63' title='bbox 668 1028 771 1090; x_wconf 83' lang='lat' dir='ltr'>de-me</span> <span class='ocrx_word' id='word_1_64' title='bbox 785 1025 974 1109; x_wconf 83' lang='lat' dir='ltr'>opinionem,</span> <span class='ocrx_word' id='word_1_65' title='bbox 986 1046 1047 1108; x_wconf 89' lang='lat' dir='ltr'>qua</span> <span class='ocrx_word' id='word_1_66' title='bbox 1062 1025 1146 1086; x_wconf 89' lang='lat' dir='ltr'>darn·</span> 
     </span>
     <span class='ocr_line' id='line_1_10' title="bbox 194 1109 1142 1196; baseline -0.003 -22"><span class='ocrx_word' id='word_1_67' title='bbox 194 1132 265 1175; x_wconf 89' lang='lat' dir='ltr'>nare</span> <span class='ocrx_word' id='word_1_68' title='bbox 295 1133 375 1188; x_wconf 91' lang='lat' dir='ltr'>eum,</span> <span class='ocrx_word' id='word_1_69' title='bbox 397 1127 428 1176; x_wconf 88' lang='lat' dir='ltr'>et</span> <span class='ocrx_word' id='word_1_70' title='bbox 457 1112 583 1174; x_wconf 89' lang='lat' dir='ltr'>invisum</span> <span class='ocrx_word' id='word_1_71' title='bbox 609 1134 730 1196; x_wconf 90' lang='lat' dir='ltr'>quoque</span> <span class='ocrx_word' id='word_1_72' title='bbox 759 1112 870 1174; x_wconf 87' lang='lat' dir='ltr'>habere</span> <span class='ocrx_word' id='word_1_73' title='bbox 900 1132 971 1174; x_wconf 88' lang='lat' dir='ltr'>sum</span> <span class='ocrx_word' id='word_1_74' title='bbox 996 1109 1142 1172; x_wconf 86' lang='lat' dir='ltr'>creditus.</span> 
     </span>
     <span class='ocr_line' id='line_1_11' title="bbox 196 1194 1172 1279; baseline -0.002 -20"><span class='ocrx_word' id='word_1_75' title='bbox 196 1195 291 1268; x_wconf 85' lang='lat' dir='ltr'>Quod</span> <span class='ocrx_word' id='word_1_76' title='bbox 317 1198 428 1260; x_wconf 89' lang='lat' dir='ltr'>accidit</span> <span class='ocrx_word' id='word_1_77' title='bbox 452 1197 535 1275; x_wconf 87' lang='lat' dir='ltr'>mihi,</span> <span class='ocrx_word' id='word_1_78' title='bbox 552 1199 623 1260; x_wconf 89' lang='lat' dir='ltr'>dum</span> <span class='ocrx_word' id='word_1_79' title='bbox 647 1212 821 1279; x_wconf 87' lang='lat' dir='ltr'>corruptum</span> <span class='ocrx_word' id='word_1_80' title='bbox 844 1211 876 1259; x_wconf 90' lang='lat' dir='ltr'>et</span> <span class='ocrx_word' id='word_1_81' title='bbox 903 1195 1046 1258; x_wconf 90' lang='lat' dir='ltr'>omuibus</span> <span class='ocrx_word' id='word_1_82' title='bbox 1068 1194 1144 1257; x_wconf 82' lang='lat' dir='ltr'>vitiis</span> <span class='ocrx_word' id='word_1_83' title='bbox 1152 1217 1172 1257; x_wconf 84' lang='lat' dir='ltr'>u</span> 
     </span>
     <span class='ocr_line' id='line_1_12' title="bbox 196 1279 1144 1366; baseline -0.002 -22"><span class='ocrx_word' id='word_1_84' title='bbox 196 1279 323 1346; x_wconf 80' lang='lat' dir='ltr'>fractum</span> <span class='ocrx_word' id='word_1_85' title='bbox 349 1283 469 1346; x_wconf 87' lang='lat' dir='ltr'>dicendi</span> <span class='ocrx_word' id='word_1_86' title='bbox 495 1303 587 1366; x_wconf 88' lang='lat' dir='ltr'>genus</span> <span class='ocrx_word' id='word_1_87' title='bbox 613 1302 759 1346; x_wconf 84' lang='lat' dir='ltr'>revocare</span> <span class='ocrx_word' id='word_1_88' title='bbox 786 1283 823 1344; x_wconf 92' lang='lat' dir='ltr'>ad</span> <span class='ocrx_word' id='word_1_89' title='bbox 849 1281 1009 1345; x_wconf 87' lang='lat' dir='ltr'>severiora</span> <span class='ocrx_word' id='word_1_90' title='bbox 1034 1279 1144 1365; x_wconf 88' lang='lat' dir='ltr'>judicia</span> 
     </span>
     <span class='ocr_line' id='line_1_13' title="bbox 196 1365 1142 1432; baseline -0.005 0"><span class='ocrx_word' id='word_1_91' title='bbox 196 1369 359 1432; x_wconf 88' lang='lat' dir='ltr'>contendo.</span> <span class='ocrx_word' id='word_1_92' title='bbox 409 1367 492 1432; x_wconf 89' lang='lat' dir='ltr'>Turn</span> <span class='ocrx_word' id='word_1_93' title='bbox 506 1383 605 1430; x_wconf 91' lang='lat' dir='ltr'>autem</span> <span class='ocrx_word' id='word_1_94' title='bbox 626 1368 708 1431; x_wconf 91' lang='lat' dir='ltr'>solus</span> <span class='ocrx_word' id='word_1_95' title='bbox 723 1368 773 1430; x_wconf 92' lang='lat' dir='ltr'>hic</span> <span class='ocrx_word' id='word_1_96' title='bbox 788 1366 851 1430; x_wconf 89' lang='lat' dir='ltr'>lere</span> <span class='ocrx_word' id='word_1_97' title='bbox 870 1367 901 1429; x_wconf 90' lang='lat' dir='ltr'>in</span> <span class='ocrx_word' id='word_1_98' title='bbox 920 1366 1060 1428; x_wconf 90' lang='lat' dir='ltr'>manibus</span> <span class='ocrx_word' id='word_1_99' title='bbox 1074 1365 1142 1427; x_wconf 89' lang='lat' dir='ltr'>ado·</span> 
     </span>
     <span class='ocr_line' id='line_1_14' title="bbox 195 1451 1144 1535; baseline -0.001 -23"><span class='ocrx_word' id='word_1_100' title='bbox 195 1451 373 1516; x_wconf 89' lang='lat' dir='ltr'>lescentium</span> <span class='ocrx_word' id='word_1_101' title='bbox 393 1452 458 1516; x_wconf 89' lang='lat' dir='ltr'>luit.</span> <span class='ocrx_word' id='word_1_102' title='bbox 506 1453 609 1524; x_wconf 87' lang='lat' dir='ltr'>Quem</span> <span class='ocrx_word' id='word_1_103' title='bbox 630 1475 691 1514; x_wconf 90' lang='lat' dir='ltr'>non</span> <span class='ocrx_word' id='word_1_104' title='bbox 710 1452 850 1535; x_wconf 87' lang='lat' dir='ltr'>equidem</span> <span class='ocrx_word' id='word_1_105' title='bbox 872 1452 999 1516; x_wconf 90' lang='lat' dir='ltr'>omnino</span> <span class='ocrx_word' id='word_1_106' title='bbox 1017 1451 1144 1514; x_wconf 86' lang='lat' dir='ltr'>conabar</span> 
     </span>
     <span class='ocr_line' id='line_1_15' title="bbox 195 1534 1142 1620; baseline -0.003 -22"><span class='ocrx_word' id='word_1_107' title='bbox 195 1550 350 1613; x_wconf 81' lang='lat' dir='ltr'>excutere,</span> <span class='ocrx_word' id='word_1_108' title='bbox 362 1537 416 1600; x_wconf 88' lang='lat' dir='ltr'>sed</span> <span class='ocrx_word' id='word_1_109' title='bbox 433 1537 598 1620; x_wconf 90' lang='lat' dir='ltr'>potioribus</span> <span class='ocrx_word' id='word_1_110' title='bbox 610 1535 753 1620; x_wconf 84' lang='lat' dir='ltr'>praeferri</span> <span class='ocrx_word' id='word_1_111' title='bbox 768 1559 828 1599; x_wconf 91' lang='lat' dir='ltr'>non</span> <span class='ocrx_word' id='word_1_112' title='bbox 843 1539 995 1614; x_wconf 89' lang='lat' dir='ltr'>sinebam,</span> <span class='ocrx_word' id='word_1_113' title='bbox 1006 1557 1082 1620; x_wconf 92' lang='lat' dir='ltr'>quos</span> <span class='ocrx_word' id='word_1_114' title='bbox 1096 1534 1142 1596; x_wconf 91' lang='lat' dir='ltr'>ille</span> 
     </span>
     <span class='ocr_line' id='line_1_16' title="bbox 194 1621 1169 1704; baseline -0.003 -21"><span class='ocrx_word' id='word_1_115' title='bbox 194 1641 254 1684; x_wconf 91' lang='lat' dir='ltr'>non</span> <span class='ocrx_word' id='word_1_116' title='bbox 267 1621 421 1686; x_wconf 81' lang='lat' dir='ltr'>destiterat</span> <span class='ocrx_word' id='word_1_117' title='bbox 435 1621 598 1698; x_wconf 85' lang='lat' dir='ltr'>incessere,</span> <span class='ocrx_word' id='word_1_118' title='bbox 611 1644 681 1684; x_wconf 93' lang='lat' dir='ltr'>cum</span> <span class='ocrx_word' id='word_1_119' title='bbox 697 1623 807 1686; x_wconf 86' lang='lat' dir='ltr'>diversi</span> <span class='ocrx_word' id='word_1_120' title='bbox 822 1622 883 1686; x_wconf 90' lang='lat' dir='ltr'>sibi</span> <span class='ocrx_word' id='word_1_121' title='bbox 898 1623 1043 1686; x_wconf 88' lang='lat' dir='ltr'>conscius</span> <span class='ocrx_word' id='word_1_122' title='bbox 1057 1641 1169 1704; x_wconf 82' lang='lat' dir='ltr'>geue-n</span> 
     </span>
     <span class='ocr_line' id='line_1_17' title="bbox 195 1705 1140 1792; baseline -0.002 -24"><span class='ocrx_word' id='word_1_123' title='bbox 195 1705 247 1782; x_wconf 86' lang='lat' dir='ltr'>ris,</span> <span class='ocrx_word' id='word_1_124' title='bbox 286 1707 387 1770; x_wconf 87' lang='lat' dir='ltr'>lacere</span> <span class='ocrx_word' id='word_1_125' title='bbox 408 1728 441 1770; x_wconf 92' lang='lat' dir='ltr'>se</span> <span class='ocrx_word' id='word_1_126' title='bbox 463 1707 639 1770; x_wconf 89' lang='lat' dir='ltr'>indicendo</span> <span class='ocrx_word' id='word_1_127' title='bbox 661 1729 763 1792; x_wconf 89' lang='lat' dir='ltr'>posse,</span> <span class='ocrx_word' id='word_1_128' title='bbox 780 1707 890 1791; x_wconf 92' lang='lat' dir='ltr'>quibus</span> <span class='ocrx_word' id='word_1_129' title='bbox 913 1708 956 1771; x_wconf 91' lang='lat' dir='ltr'>illi</span> <span class='ocrx_word' id='word_1_130' title='bbox 980 1709 1140 1792; x_wconf 90' lang='lat' dir='ltr'>placerent,</span> 
     </span>
     <span class='ocr_line' id='line_1_18' title="bbox 196 1729 1142 1876; baseline -0.004 -20"><span class='ocrx_word' id='word_1_131' title='bbox 196 1729 353 1856; x_wconf 82' lang='lat' dir='ltr'>diffideret.</span> <span class='ocrx_word' id='word_1_132' title='bbox 396 1791 548 1856; x_wconf 82' lang='lat' dir='ltr'>Amabant</span> <span class='ocrx_word' id='word_1_133' title='bbox 563 1807 661 1856; x_wconf 89' lang='lat' dir='ltr'>autem</span> <span class='ocrx_word' id='word_1_134' title='bbox 677 1815 747 1856; x_wconf 90' lang='lat' dir='ltr'>eum</span> <span class='ocrx_word' id='word_1_135' title='bbox 761 1794 868 1876; x_wconf 89' lang='lat' dir='ltr'>magis,</span> <span class='ocrx_word' id='word_1_136' title='bbox 882 1815 978 1876; x_wconf 90' lang='lat' dir='ltr'>quam</span> <span class='ocrx_word' id='word_1_137' title='bbox 993 1791 1142 1856; x_wconf 87' lang='lat' dir='ltr'>imitaban-</span> 
     </span>
    </p>

    <p class='ocr_par' dir='ltr' id='par_1_8' title="bbox 194 1873 1141 2049">
     <span class='ocr_line' id='line_1_19' title="bbox 195 1873 1141 1962; baseline -0.005 -22"><span class='ocrx_word' id='word_1_138' title='bbox 195 1891 266 1940; x_wconf 89' lang='lat' dir='ltr'>tur:</span> <span class='ocrx_word' id='word_1_139' title='bbox 290 1893 461 1962; x_wconf 88' lang='lat' dir='ltr'>tantumqne</span> <span class='ocrx_word' id='word_1_140' title='bbox 482 1879 520 1942; x_wconf 92' lang='lat' dir='ltr'>ab</span> <span class='ocrx_word' id='word_1_141' title='bbox 535 1900 574 1942; x_wconf 93' lang='lat' dir='ltr'>eo</span> <span class='ocrx_word' id='word_1_142' title='bbox 589 1879 773 1956; x_wconf 86' lang='lat' dir='ltr'>defluebant,</span> <span class='ocrx_word' id='word_1_143' title='bbox 790 1893 938 1962; x_wconf 88' lang='lat' dir='ltr'>qnantum</span> <span class='ocrx_word' id='word_1_144' title='bbox 954 1879 1005 1942; x_wconf 92' lang='lat' dir='ltr'>ille</span> <span class='ocrx_word' id='word_1_145' title='bbox 1023 1879 1061 1940; x_wconf 93' lang='lat' dir='ltr'>ab</span> <span class='ocrx_word' id='word_1_146' title='bbox 1075 1873 1141 1938; x_wconf 86' lang='lat' dir='ltr'>anti·</span> 
     </span>
     <span class='ocr_line' id='line_1_20' title="bbox 194 1959 1140 2049; baseline 0.001 -27"><span class='ocrx_word' id='word_1_147' title='bbox 194 1962 260 2044; x_wconf 90' lang='lat' dir='ltr'>quis</span> <span class='ocrx_word' id='word_1_148' title='bbox 272 1962 481 2025; x_wconf 88' lang='lat' dir='ltr'>descenderat.</span> <span class='ocrx_word' id='word_1_149' title='bbox 518 1963 614 2026; x_wconf 87' lang='lat' dir='ltr'>Foret</span> <span class='ocrx_word' id='word_1_150' title='bbox 629 1964 709 2026; x_wconf 88' lang='lat' dir='ltr'>enim</span> <span class='ocrx_word' id='word_1_151' title='bbox 724 1965 904 2047; x_wconf 86' lang='lat' dir='ltr'>optandum,</span> <span class='ocrx_word' id='word_1_152' title='bbox 917 1986 1018 2049; x_wconf 90' lang='lat' dir='ltr'>pares,</span> <span class='ocrx_word' id='word_1_153' title='bbox 1029 1976 1078 2026; x_wconf 89' lang='lat' dir='ltr'>aut</span> <span class='ocrx_word' id='word_1_154' title='bbox 1090 1959 1140 2023; x_wconf 89' lang='lat' dir='ltr'>sal·</span> 
     </span>
    </p>

    <p class='ocr_par' dir='ltr' id='par_1_9' title="bbox 87 2045 1211 2370">
     <span class='ocr_line' id='line_1_21' title="bbox 87 2045 1167 2136; baseline 0 -27"><span class='ocrx_word' id='word_1_155' title='bbox 87 2104 90 2109; x_wconf 86' lang='lat'>.</span> <span class='ocrx_word' id='word_1_156' title='bbox 194 2055 254 2109; x_wconf 88' lang='lat' dir='ltr'>tem</span> <span class='ocrx_word' id='word_1_157' title='bbox 271 2047 439 2129; x_wconf 82' lang='lat' dir='ltr'>proximos,</span> <span class='ocrx_word' id='word_1_158' title='bbox 450 2047 490 2110; x_wconf 88' lang='lat' dir='ltr'>illi</span> <span class='ocrx_word' id='word_1_159' title='bbox 506 2047 571 2111; x_wconf 87' lang='lat' dir='ltr'>viro</span> <span class='ocrx_word' id='word_1_160' title='bbox 586 2048 661 2111; x_wconf 90' lang='lat' dir='ltr'>fieri.</span> <span class='ocrx_word' id='word_1_161' title='bbox 705 2048 770 2114; x_wconf 87' lang='lat' dir='ltr'>Sed</span> <span class='ocrx_word' id='word_1_162' title='bbox 785 2049 930 2134; x_wconf 86' lang='lat' dir='ltr'>placebat</span> <span class='ocrx_word' id='word_1_163' title='bbox 944 2064 1068 2136; x_wconf 85' lang='lat' dir='ltr'>propter</span> <span class='ocrx_word' id='word_1_164' title='bbox 1082 2045 1167 2111; x_wconf 85' lang='lat' dir='ltr'>solan</span> 
     </span>
     <span class='ocr_line' id='line_1_22' title="bbox 194 2129 1211 2233; baseline 0.003 -38"><span class='ocrx_word' id='word_1_165' title='bbox 194 2129 276 2209; x_wconf 87' lang='lat' dir='ltr'>vitia,</span> <span class='ocrx_word' id='word_1_166' title='bbox 294 2133 378 2195; x_wconf 90' lang='lat' dir='ltr'>etad</span> <span class='ocrx_word' id='word_1_167' title='bbox 394 2154 430 2195; x_wconf 90' lang='lat' dir='ltr'>ea</span> <span class='ocrx_word' id='word_1_168' title='bbox 445 2154 478 2197; x_wconf 90' lang='lat' dir='ltr'>se</span> <span class='ocrx_word' id='word_1_169' title='bbox 493 2133 620 2233; x_wconf 89' lang='lat' dir='ltr'>quisque</span> <span class='ocrx_word' id='word_1_170' title='bbox 636 2134 781 2217; x_wconf 87' lang='lat' dir='ltr'>dirigebat</span> <span class='ocrx_word' id='word_1_171' title='bbox 799 2136 982 2219; x_wconf 89' lang='lat' dir='ltr'>effingenda,</span> <span class='ocrx_word' id='word_1_172' title='bbox 1000 2156 1076 2220; x_wconf 87' lang='lat' dir='ltr'>qnae</span> <span class='ocrx_word' id='word_1_173' title='bbox 1090 2152 1138 2215; x_wconf 77' lang='lat' dir='ltr'>pc</span> <span class='ocrx_word' id='word_1_174' title='bbox 1210 2207 1211 2214; x_wconf 8' lang='grc' dir='ltr'>ἵ</span> 
     </span>
     <span class='ocr_line' id='line_1_23' title="bbox 195 2218 1211 2307; baseline 0.002 -26"><span class='ocrx_word' id='word_1_175' title='bbox 195 2232 270 2281; x_wconf 85' lang='lat' dir='ltr'>terat</span> <span class='ocrx_word' id='word_1_176' title='bbox 285 2238 294 2279; x_wconf 92' lang='lat'>:</span> <span class='ocrx_word' id='word_1_177' title='bbox 317 2218 425 2282; x_wconf 89' lang='lat' dir='ltr'>deinde</span> <span class='ocrx_word' id='word_1_178' title='bbox 437 2241 506 2283; x_wconf 89' lang='lat' dir='ltr'>cnm</span> <span class='ocrx_word' id='word_1_179' title='bbox 522 2242 555 2283; x_wconf 90' lang='lat' dir='ltr'>se</span> <span class='ocrx_word' id='word_1_180' title='bbox 564 2235 693 2307; x_wconf 75' lang='lat' dir='ltr'>jactaret</span> <span class='ocrx_word' id='word_1_181' title='bbox 704 2221 813 2285; x_wconf 87' lang='lat' dir='ltr'>eodem</span> <span class='ocrx_word' id='word_1_182' title='bbox 828 2222 925 2285; x_wconf 88' lang='lat' dir='ltr'>modo</span> <span class='ocrx_word' id='word_1_183' title='bbox 937 2223 1052 2298; x_wconf 89' lang='lat' dir='ltr'>dicere,</span> <span class='ocrx_word' id='word_1_184' title='bbox 1067 2218 1138 2285; x_wconf 87' lang='lat' dir='ltr'>Sen-</span> <span class='ocrx_word' id='word_1_185' title='bbox 1210 2255 1211 2258; x_wconf 16' lang='grc' dir='ltr'><strong>κ</strong></span> 
     </span>
     <span class='ocr_line' id='line_1_24' title="bbox 196 2303 470 2370; baseline 0 -3"><span class='ocrx_word' id='word_1_186' title='bbox 196 2324 284 2368; x_wconf 84' lang='lat' dir='ltr'>ecam</span> <span class='ocrx_word' id='word_1_187' title='bbox 299 2303 470 2370; x_wconf 81' lang='lat' dir='ltr'>infamabat.</span> 
     </span>
    </p>

    <p class='ocr_par' dir='ltr' id='par_1_10' title="bbox 192 2388 1210 3045">
     <span class='ocr_line' id='line_1_25' title="bbox 239 2388 1210 2488; baseline 0 -34"><span class='ocrx_word' id='word_1_188' title='bbox 239 2388 337 2488; x_wconf 83' lang='lat' dir='ltr'>Cujus</span> <span class='ocrx_word' id='word_1_189' title='bbox 353 2406 384 2455; x_wconf 87' lang='lat' dir='ltr'>et</span> <span class='ocrx_word' id='word_1_190' title='bbox 403 2392 513 2455; x_wconf 91' lang='lat' dir='ltr'>multae</span> <span class='ocrx_word' id='word_1_191' title='bbox 531 2392 652 2476; x_wconf 87' lang='lat' dir='ltr'>alioqui,</span> <span class='ocrx_word' id='word_1_192' title='bbox 670 2407 701 2455; x_wconf 90' lang='lat' dir='ltr'>et</span> <span class='ocrx_word' id='word_1_193' title='bbox 720 2414 845 2477; x_wconf 90' lang='lat' dir='ltr'>magnae</span> <span class='ocrx_word' id='word_1_194' title='bbox 860 2394 988 2457; x_wconf 87' lang='lat' dir='ltr'>virtutes</span> <span class='ocrx_word' id='word_1_195' title='bbox 1003 2390 1137 2455; x_wconf 79' lang='lat' dir='ltr'>suerunt:</span> <span class='ocrx_word' id='word_1_196' title='bbox 1209 2397 1210 2454; x_wconf 77' lang='lat' dir='ltr'>l</span> 
     </span>
     <span class='ocr_line' id='line_1_26' title="bbox 195 2474 1164 2560; baseline -0.002 -24"><span class='ocrx_word' id='word_1_197' title='bbox 195 2475 344 2557; x_wconf 83' lang='lat' dir='ltr'>lugentum</span> <span class='ocrx_word' id='word_1_198' title='bbox 359 2474 448 2538; x_wconf 82' lang='lat' dir='ltr'>facile</span> <span class='ocrx_word' id='word_1_199' title='bbox 463 2491 493 2539; x_wconf 89' lang='lat' dir='ltr'>et</span> <span class='ocrx_word' id='word_1_200' title='bbox 508 2477 678 2559; x_wconf 88' lang='lat' dir='ltr'>copiosum,</span> <span class='ocrx_word' id='word_1_201' title='bbox 696 2478 854 2560; x_wconf 91' lang='lat' dir='ltr'>plurimum</span> <span class='ocrx_word' id='word_1_202' title='bbox 869 2480 972 2555; x_wconf 91' lang='lat' dir='ltr'>studii,</span> <span class='ocrx_word' id='word_1_203' title='bbox 990 2476 1080 2541; x_wconf 85' lang='lat' dir='ltr'>multa</span> <span class='ocrx_word' id='word_1_204' title='bbox 1094 2492 1164 2545; x_wconf 66' lang='lat' dir='ltr'>rec</span> 
     </span>
     <span class='ocr_line' id='line_1_27' title="bbox 193 2559 1209 2645; baseline -0.003 -24"><span class='ocrx_word' id='word_1_205' title='bbox 193 2580 259 2621; x_wconf 86' lang='lat' dir='ltr'>rum</span> <span class='ocrx_word' id='word_1_206' title='bbox 286 2560 441 2640; x_wconf 84' lang='lat' dir='ltr'>cognitio:</span> <span class='ocrx_word' id='word_1_207' title='bbox 465 2560 572 2642; x_wconf 90' lang='lat' dir='ltr'>inqua</span> <span class='ocrx_word' id='word_1_208' title='bbox 595 2576 694 2623; x_wconf 90' lang='lat' dir='ltr'>tamen</span> <span class='ocrx_word' id='word_1_209' title='bbox 717 2562 875 2645; x_wconf 89' lang='lat' dir='ltr'>aliquando</span> <span class='ocrx_word' id='word_1_210' title='bbox 897 2564 935 2626; x_wconf 92' lang='lat' dir='ltr'>ab</span> <span class='ocrx_word' id='word_1_211' title='bbox 959 2563 1017 2639; x_wconf 90' lang='lat' dir='ltr'>his,</span> <span class='ocrx_word' id='word_1_212' title='bbox 1035 2559 1136 2644; x_wconf 92' lang='lat' dir='ltr'>quibus</span> <span class='ocrx_word' id='word_1_213' title='bbox 1208 2603 1209 2642; x_wconf 72' lang='lat'>,</span> 
     </span>
     <span class='ocr_line' id='line_1_28' title="bbox 193 2641 1135 2729; baseline 0.003 -26"><span class='ocrx_word' id='word_1_214' title='bbox 193 2641 367 2722; x_wconf 87' lang='lat' dir='ltr'>inquirenda</span> <span class='ocrx_word' id='word_1_215' title='bbox 382 2644 528 2724; x_wconf 90' lang='lat' dir='ltr'>quaedam</span> <span class='ocrx_word' id='word_1_216' title='bbox 548 2645 720 2721; x_wconf 88' lang='lat' dir='ltr'>mandabat,</span> <span class='ocrx_word' id='word_1_217' title='bbox 738 2648 884 2729; x_wconf 90' lang='lat' dir='ltr'>deceptus</span> <span class='ocrx_word' id='word_1_218' title='bbox 904 2663 961 2711; x_wconf 87' lang='lat' dir='ltr'>est.</span> <span class='ocrx_word' id='word_1_219' title='bbox 1011 2646 1135 2709; x_wconf 86' lang='lat' dir='ltr'>Tracta·</span> 
     </span>
     <span class='ocr_line' id='line_1_29' title="bbox 192 2724 1136 2795; baseline 0.005 -10"><span class='ocrx_word' id='word_1_220' title='bbox 192 2724 235 2786; x_wconf 90' lang='lat' dir='ltr'>vit</span> <span class='ocrx_word' id='word_1_221' title='bbox 258 2724 347 2787; x_wconf 88' lang='lat' dir='ltr'>etiam</span> <span class='ocrx_word' id='word_1_222' title='bbox 371 2747 489 2789; x_wconf 89' lang='lat' dir='ltr'>omnem</span> <span class='ocrx_word' id='word_1_223' title='bbox 513 2726 576 2789; x_wconf 91' lang='lat' dir='ltr'>sere</span> <span class='ocrx_word' id='word_1_224' title='bbox 599 2729 763 2791; x_wconf 88' lang='lat' dir='ltr'>studiorum</span> <span class='ocrx_word' id='word_1_225' title='bbox 788 2733 953 2795; x_wconf 86' lang='lat' dir='ltr'>materiam.</span> <span class='ocrx_word' id='word_1_226' title='bbox 1002 2731 1084 2795; x_wconf 90' lang='lat' dir='ltr'>Nam</span> <span class='ocrx_word' id='word_1_227' title='bbox 1108 2739 1136 2790; x_wconf 91' lang='lat' dir='ltr'>et</span> 
     </span>
     <span class='ocr_line' id='line_1_30' title="bbox 192 2807 1208 2897; baseline 0.007 -27"><span class='ocrx_word' id='word_1_228' title='bbox 192 2807 341 2871; x_wconf 87' lang='lat' dir='ltr'>orationes</span> <span class='ocrx_word' id='word_1_229' title='bbox 365 2808 442 2892; x_wconf 88' lang='lat' dir='ltr'>ejus,</span> <span class='ocrx_word' id='word_1_230' title='bbox 460 2824 491 2872; x_wconf 91' lang='lat' dir='ltr'>et</span> <span class='ocrx_word' id='word_1_231' title='bbox 513 2816 666 2892; x_wconf 81' lang='lat' dir='ltr'>poe‘mata,</span> <span class='ocrx_word' id='word_1_232' title='bbox 683 2828 715 2875; x_wconf 91' lang='lat' dir='ltr'>et</span> <span class='ocrx_word' id='word_1_233' title='bbox 736 2814 893 2897; x_wconf 88' lang='lat' dir='ltr'>epistolae,</span> <span class='ocrx_word' id='word_1_234' title='bbox 910 2831 942 2879; x_wconf 91' lang='lat' dir='ltr'>et</span> <span class='ocrx_word' id='word_1_235' title='bbox 960 2816 1072 2896; x_wconf 84' lang='lat' dir='ltr'>dialogi</span> <span class='ocrx_word' id='word_1_236' title='bbox 1095 2812 1136 2876; x_wconf 86' lang='lat' dir='ltr'>fe·</span> <span class='ocrx_word' id='word_1_237' title='bbox 1207 2823 1208 2830; x_wconf 76' lang='grc'>’</span> 
     </span>
     <span class='ocr_line' id='line_1_31' title="bbox 192 2892 1162 2983; baseline 0.004 -27"><span class='ocrx_word' id='word_1_238' title='bbox 192 2906 303 2956; x_wconf 81' lang='lat' dir='ltr'>rantur.</span> <span class='ocrx_word' id='word_1_239' title='bbox 350 2892 387 2956; x_wconf 91' lang='lat' dir='ltr'>In</span> <span class='ocrx_word' id='word_1_240' title='bbox 405 2894 593 2978; x_wconf 91' lang='lat' dir='ltr'>philosophia</span> <span class='ocrx_word' id='word_1_241' title='bbox 614 2917 719 2980; x_wconf 86' lang='lat' dir='ltr'>parum</span> <span class='ocrx_word' id='word_1_242' title='bbox 734 2898 871 2981; x_wconf 90' lang='lat' dir='ltr'>diligens,</span> <span class='ocrx_word' id='word_1_243' title='bbox 889 2900 1026 2983; x_wconf 88' lang='lat' dir='ltr'>egregius</span> <span class='ocrx_word' id='word_1_244' title='bbox 1038 2913 1162 2961; x_wconf 82' lang='lat' dir='ltr'>tamenn</span> 
     </span>
     <span class='ocr_line' id='line_1_32' title="bbox 193 2979 587 3045; baseline 0 -2"><span class='ocrx_word' id='word_1_245' title='bbox 193 2979 333 3044; x_wconf 90' lang='lat' dir='ltr'>vitiorum</span> <span class='ocrx_word' id='word_1_246' title='bbox 347 2979 508 3045; x_wconf 87' lang='lat' dir='ltr'>insectator</span> <span class='ocrx_word' id='word_1_247' title='bbox 524 2979 587 3044; x_wconf 87' lang='lat' dir='ltr'>luit.</span> 
     </span>
    </p>

    <p class='ocr_par' dir='ltr' id='par_1_11' title="bbox 192 3066 1207 3753">
     <span class='ocr_line' id='line_1_33' title="bbox 238 3066 1206 3152; baseline -0.002 -21"><span class='ocrx_word' id='word_1_248' title='bbox 238 3066 353 3132; x_wconf 88' lang='lat' dir='ltr'>Multae</span> <span class='ocrx_word' id='word_1_249' title='bbox 369 3068 398 3131; x_wconf 91' lang='lat' dir='ltr'>in</span> <span class='ocrx_word' id='word_1_250' title='bbox 417 3090 455 3131; x_wconf 89' lang='lat' dir='ltr'>eo</span> <span class='ocrx_word' id='word_1_251' title='bbox 473 3067 632 3152; x_wconf 88' lang='lat' dir='ltr'>claraeque</span> <span class='ocrx_word' id='word_1_252' title='bbox 651 3069 828 3147; x_wconf 86' lang='lat' dir='ltr'>sententiae,</span> <span class='ocrx_word' id='word_1_253' title='bbox 845 3072 937 3135; x_wconf 89' lang='lat' dir='ltr'>multa</span> <span class='ocrx_word' id='word_1_254' title='bbox 958 3070 1051 3135; x_wconf 90' lang='lat' dir='ltr'>etiam</span> <span class='ocrx_word' id='word_1_255' title='bbox 1074 3088 1133 3131; x_wconf 89' lang='lat' dir='ltr'>ruo·</span> <span class='ocrx_word' id='word_1_256' title='bbox 1205 3067 1206 3092; x_wconf 68' lang='lat'>¹</span> 
     </span>
     <span class='ocr_line' id='line_1_34' title="bbox 193 3129 1207 3241; baseline -0.002 -24"><span class='ocrx_word' id='word_1_257' title='bbox 193 3176 259 3217; x_wconf 91' lang='lat' dir='ltr'>rum</span> <span class='ocrx_word' id='word_1_258' title='bbox 276 3156 369 3237; x_wconf 86' lang='lat' dir='ltr'>gratia</span> <span class='ocrx_word' id='word_1_259' title='bbox 390 3155 540 3239; x_wconf 86' lang='lat' dir='ltr'>legenda:</span> <span class='ocrx_word' id='word_1_260' title='bbox 564 3156 618 3219; x_wconf 89' lang='lat' dir='ltr'>sed</span> <span class='ocrx_word' id='word_1_261' title='bbox 641 3154 669 3216; x_wconf 89' lang='lat' dir='ltr'>in</span> <span class='ocrx_word' id='word_1_262' title='bbox 690 3156 859 3238; x_wconf 89' lang='lat' dir='ltr'>eloquendo</span> <span class='ocrx_word' id='word_1_263' title='bbox 878 3171 1020 3241; x_wconf 89' lang='lat' dir='ltr'>corrupta</span> <span class='ocrx_word' id='word_1_264' title='bbox 1040 3155 1132 3240; x_wconf 88' lang='lat' dir='ltr'>plera·</span> <span class='ocrx_word' id='word_1_265' title='bbox 1205 3129 1207 3206; x_wconf 86' lang='lat' dir='ltr'>l</span> 
     </span>
     <span class='ocr_line' id='line_1_35' title="bbox 193 3240 1131 3325; baseline 0.002 -28"><span class='ocrx_word' id='word_1_266' title='bbox 193 3257 264 3318; x_wconf 88' lang='lat' dir='ltr'>que,</span> <span class='ocrx_word' id='word_1_267' title='bbox 282 3254 370 3321; x_wconf 88' lang='lat' dir='ltr'>atque</span> <span class='ocrx_word' id='word_1_268' title='bbox 392 3262 429 3301; x_wconf 91' lang='lat' dir='ltr'>eo</span> <span class='ocrx_word' id='word_1_269' title='bbox 450 3240 713 3324; x_wconf 82' lang='lat' dir='ltr'>perniciosissima,</span> <span class='ocrx_word' id='word_1_270' title='bbox 730 3242 811 3325; x_wconf 86' lang='lat' dir='ltr'>quod</span> <span class='ocrx_word' id='word_1_271' title='bbox 833 3242 982 3307; x_wconf 89' lang='lat' dir='ltr'>abundant</span> <span class='ocrx_word' id='word_1_272' title='bbox 1000 3240 1131 3305; x_wconf 87' lang='lat' dir='ltr'>dulcibus</span> 
     </span>
     <span class='ocr_line' id='line_1_36' title="bbox 193 3319 1159 3414; baseline 0.008 -31"><span class='ocrx_word' id='word_1_273' title='bbox 193 3319 282 3383; x_wconf 88' lang='lat' dir='ltr'>vitiis.</span> <span class='ocrx_word' id='word_1_274' title='bbox 331 3322 437 3385; x_wconf 82' lang='lat' dir='ltr'>Valles</span> <span class='ocrx_word' id='word_1_275' title='bbox 454 3347 522 3387; x_wconf 89' lang='lat' dir='ltr'>eum</span> <span class='ocrx_word' id='word_1_276' title='bbox 542 3348 596 3389; x_wconf 89' lang='lat' dir='ltr'>suo</span> <span class='ocrx_word' id='word_1_277' title='bbox 614 3327 732 3409; x_wconf 90' lang='lat' dir='ltr'>ingenio</span> <span class='ocrx_word' id='word_1_278' title='bbox 748 3327 873 3405; x_wconf 83' lang='lat' dir='ltr'>dixisse,</span> <span class='ocrx_word' id='word_1_279' title='bbox 890 3330 995 3393; x_wconf 86' lang='lat' dir='ltr'>alieno</span> <span class='ocrx_word' id='word_1_280' title='bbox 1005 3323 1159 3414; x_wconf 75' lang='lat' dir='ltr'>judicio-³⁶</span> 
     </span>
     <span class='ocr_line' id='line_1_37' title="bbox 194 3402 1127 3505; baseline 0.004 -38"><span class='ocrx_word' id='word_1_281' title='bbox 194 3402 273 3505; x_wconf 72' lang='lat' dir='ltr'>Illam</span> <span class='ocrx_word' id='word_1_282' title='bbox 288 3404 314 3466; x_wconf 92' lang='lat' dir='ltr'>si</span> <span class='ocrx_word' id='word_1_283' title='bbox 328 3406 425 3502; x_wconf 87' lang='lat' dir='ltr'>aliqua</span> <span class='ocrx_word' id='word_1_284' title='bbox 440 3412 682 3493; x_wconf 89' lang='lat' dir='ltr'>contempsisset,</span> <span class='ocrx_word' id='word_1_285' title='bbox 696 3411 721 3474; x_wconf 88' lang='lat' dir='ltr'>si</span> <span class='ocrx_word' id='word_1_286' title='bbox 736 3434 839 3495; x_wconf 91' lang='lat' dir='ltr'>parum</span> <span class='ocrx_word' id='word_1_287' title='bbox 855 3436 914 3477; x_wconf 91' lang='lat' dir='ltr'>non</span> <span class='ocrx_word' id='word_1_288' title='bbox 929 3412 1127 3497; x_wconf 84' lang='lat' dir='ltr'>concupisset,</span> 
     </span>
     <span class='ocr_line' id='line_1_38' title="bbox 194 3491 1126 3580; baseline 0 -23"><span class='ocrx_word' id='word_1_289' title='bbox 194 3514 218 3558; x_wconf 88' lang='lat' dir='ltr'>sr</span> <span class='ocrx_word' id='word_1_290' title='bbox 234 3512 292 3553; x_wconf 90' lang='lat' dir='ltr'>non</span> <span class='ocrx_word' id='word_1_291' title='bbox 308 3511 407 3573; x_wconf 83' lang='lat' dir='ltr'>omma</span> <span class='ocrx_word' id='word_1_292' title='bbox 429 3514 481 3555; x_wconf 89' lang='lat' dir='ltr'>sua</span> <span class='ocrx_word' id='word_1_293' title='bbox 502 3512 643 3574; x_wconf 87' lang='lat' dir='ltr'>amasset,</span> <span class='ocrx_word' id='word_1_294' title='bbox 660 3498 685 3560; x_wconf 92' lang='lat' dir='ltr'>si</span> <span class='ocrx_word' id='word_1_295' title='bbox 703 3519 801 3559; x_wconf 85' lang='lat' dir='ltr'>rerum</span> <span class='ocrx_word' id='word_1_296' title='bbox 821 3500 953 3580; x_wconf 85' lang='lat' dir='ltr'>pondera</span> <span class='ocrx_word' id='word_1_297' title='bbox 976 3491 1126 3563; x_wconf 87' lang='lat' dir='ltr'>minutissi-</span> 
     </span>
     <span class='ocr_line' id='line_1_39' title="bbox 194 3574 1126 3667; baseline 0.005 -25"><span class='ocrx_word' id='word_1_298' title='bbox 194 3579 250 3643; x_wconf 90' lang='lat' dir='ltr'>mis</span> <span class='ocrx_word' id='word_1_299' title='bbox 272 3574 424 3665; x_wconf 77' lang='lat' dir='ltr'>sententiis</span> <span class='ocrx_word' id='word_1_300' title='bbox 446 3578 687 3664; x_wconf 81' lang='lat' dir='ltr'>confregisset:</span> <span class='ocrx_word' id='word_1_301' title='bbox 710 3604 860 3645; x_wconf 87' lang='lat' dir='ltr'>consensu</span> <span class='ocrx_word' id='word_1_302' title='bbox 883 3586 981 3667; x_wconf 87' lang='lat' dir='ltr'>potius</span> <span class='ocrx_word' id='word_1_303' title='bbox 1003 3581 1126 3649; x_wconf 75' lang='lat' dir='ltr'>erudito·</span> 
     </span>
     <span class='ocr_line' id='line_1_40' title="bbox 192 3668 938 3753; baseline 0.008 -26"><span class='ocrx_word' id='word_1_304' title='bbox 192 3685 270 3743; x_wconf 89' lang='lat' dir='ltr'>rum,</span> <span class='ocrx_word' id='word_1_305' title='bbox 287 3684 377 3748; x_wconf 92' lang='lat' dir='ltr'>quam</span> <span class='ocrx_word' id='word_1_306' title='bbox 391 3682 550 3747; x_wconf 86' lang='lat' dir='ltr'>puerorum</span> <span class='ocrx_word' id='word_1_307' title='bbox 566 3686 669 3730; x_wconf 90' lang='lat' dir='ltr'>amore</span> <span class='ocrx_word' id='word_1_308' title='bbox 683 3668 938 3753; x_wconf 87' lang='lat' dir='ltr'>comprobaretur.</span> 
     </span>
    </p>
   </div>
   <div class='ocr_carea' id='block_1_3' title="bbox 0 0 1234 4200">
    <p class='ocr_par' dir='ltr' id='par_1_12' title="bbox 0 0 1234 4200">
     <span class='ocr_line' id='line_1_41' title="bbox 0 0 1234 4200; baseline 0 0"><span class='ocrx_word' id='word_1_309' title='bbox 0 0 1234 4200; x_wconf 95' lang='lat' dir='ltr'> </span> 
     </span>
    </p>
   </div>
  </div>
 </body>
</html>
