2459 4200
195 263 239 335 tit
484 282 521 328 rr.
541 282 637 330 nnn
655 283 880 340 aornrrnrrru
900 322 905 328 .

93 429 96 438 ’
195 436 278 523 quasi
293 437 513 500 contemnenda
527 454 595 502 esse
610 437 779 516 consentio,
796 439 836 502 ad
857 437 1064 502 remittendam
1086 438 1129 502 in·

193 521 357 586 tentionem
376 521 500 607 judicis,
524 541 612 606 quam
635 523 809 587 edversario
830 536 982 608 praestate
1005 528 1038 587 u‘t
1057 522 1131 590 iecit

193 623 249 708 pro
273 605 396 691 Ligario
418 606 543 671 Cicero.
590 603 677 680 Quid
701 609 781 672 enim
804 610 910 692 agebat
933 609 1012 672 alind
1036 608 1131 673 ironia

192 692 254 770 sila,
271 711 360 777 quarn
375 705 407 755 ut
421 691 539 756 Caesar
548 693 646 758 minus
661 713 695 756 so
710 693 741 756 in
755 714 830 770 rem,
847 709 986 778 tanquam
1000 715 1061 757 non
1075 711 1129 758 no·

192 797 274 856 vam,
286 777 478 842 intenderet?
508 777 593 849 Quid
609 798 664 864 pro
675 777 798 858 Coeba,
809 793 940 864 quamut
952 797 1000 842 res
1015 795 1151 864 espec-s

193 864 302 926 tatione
318 863 414 926 minor
428 864 605 928 videretur?
908 884 913 890 ·

237 949 354 1010 Verum
376 969 415 1011 ex
438 949 485 1027 iis,
510 970 586 1033 quae
609 949 763 1034 proposui,
786 950 864 1012 aliud
887 949 916 1012 in
939 948 998 1011 alio
1020 967 1131 1032 genere

193 1053 302 1096 censae
324 1033 485 1097 desiderari
506 1035 605 1118 palam
626 1049 682 1097 est.
729 1033 850 1097 Genera
868 1055 959 1119 porro
974 1053 1133 1097 causarum

192 1115 310 1202 plurimi
324 1119 453 1204 quinque
466 1118 610 1197 fecerunt,
625 1121 789 1197 boaeetam,
801 1120 926 1197 bomile,
940 1117 1066 1181 dubiam
1080 1119 1132 1182 vel

192 1221 313 1286 carops,
339 1205 561 1283 admirabilem,
586 1206 767 1268 abacorum:
790 1205 889 1283 idest,
907 1201 1008 1274 inlota,
1034 1201 1163 1273 &tiroli

191 1283 333 1364 ἆμφῖδοξον,
346 1288 491 1367 παράδοξον,
503 1289 790 1367 δνσπαςαιολοᾶθητον.
826 1290 915 1367 Sunt,
929 1292 1035 1374 quibus
1047 1305 1130 1354 racto

192 1377 327 1441 videatur
349 1378 439 1462 adjici
461 1388 559 1459 torpe,
576 1379 656 1460 quod
679 1378 726 1439 alii
749 1377 870 1452 bamili,
888 1377 935 1436 alii
951 1373 1132 1438 admirabili

192 1460 361 1543 subjiciunt.
408 1460 600 1522 Admirabile
616 1475 714 1522 autem
730 1474 850 1535 vocant,
862 1460 942 1542 quod
954 1473 1001 1522 est
1011 1473 1133 1542 praeter

192 1544 365 1627 opinionem
380 1545 541 1606 hominium
557 1544 758 1606 constitutum.
807 1543 842 1605 In
858 1542 987 1625 ancipiti
999 1543 1131 1609 maxime

191 1629 371 1691 benevolum
379 1628 525 1714 judicem,
538 1629 566 1691 in
578 1628 702 1690 obscuro
715 1625 856 1704 docilem,
867 1629 897 1690 in
908 1630 1019 1691 bamili
1033 1643 1129 1692 atten-
1137 1645 1164 1687 rt

191 1725 253 1775 turn
275 1733 379 1811 parare
403 1713 557 1777 debemus.
605 1713 684 1776 Nam
698 1714 851 1776 barentum
866 1715 987 1797 quidem
1001 1715 1039 1777 ad
1056 1735 1129 1778 eon·

190 1798 373 1862 ciliatronem
393 1799 464 1863 satis
485 1821 539 1884 per
554 1821 587 1864 se
601 1800 703 1862 valete
727 1800 756 1862 in
779 1799 957 1862 admirabili
979 1814 1010 1862 et
1031 1800 1129 1882 turpi,

191 1884 332 1947 remediis
347 1905 423 1968 opus
438 1897 494 1948 est.
1221 1942 1222 1951 ,

235 1965 278 2029 Et
293 1987 330 2030 eo
345 1970 466 2052 quidam
478 1969 636 2032 exordium
647 1970 677 2031 in
688 1971 763 2033 duas
775 1969 909 2039 dividunt
919 1982 1030 2052 partes,
1039 1969 1130 2050 pria·
1221 1970 1222 2007 l

190 2051 318 2135 alpiam,
330 2066 361 2117 et
371 2053 619 2132 insinuationem,
631 2066 662 2117 ut
674 2054 711 2117 sit
725 2054 754 2117 in
770 2051 923 2140 principiis
937 2067 1020 2116 recta
1035 2053 1163 2118 bene-st
1221 2078 1222 2081 ¹

190 2138 340 2201 volentiae
362 2150 393 2201 et
415 2139 583 2202 attentionis
606 2137 788 2223 postulatio:
813 2160 890 2223 quae
912 2139 980 2223 quia
1003 2157 1072 2202 esse
1098 2140 1131 2204 in

190 2223 269 2308 turpi
284 2241 392 2287 causae
407 2242 516 2308 genero
532 2245 591 2287 non
606 2225 713 2309 possit,
729 2224 887 2289 insinuatio
908 2238 1043 2308 surrepat
1065 2224 1129 2287 ani·
1220 2227 1221 2282 ἶ

191 2308 247 2372 mis
271 2310 401 2374 maxime
417 2310 466 2373 ubi
481 2308 561 2373 srons
577 2330 687 2373 causae
701 2332 761 2372 non
776 2310 848 2374 satis
863 2309 988 2373 honesta
1004 2322 1060 2385 est,
1077 2310 1129 2375 vel
1220 2351 1221 2366 2

190 2394 258 2478 quia
275 2416 322 2461 res
339 2390 377 2459 sit
391 2392 538 2481 improba,
557 2390 606 2459 vel
621 2396 690 2479 quia
704 2395 871 2459 hominibus
894 2393 997 2478 parum
1018 2391 1128 2478 probe·
1219 2475 1220 2478 Ἴ

191 2492 259 2542 tur:
283 2492 333 2542 aut
352 2480 477 2543 si’sacie
499 2500 619 2562 quoque
641 2482 707 2562 ipsa
728 2481 881 2561 premitur,
906 2480 955 2542 rel
981 2479 1164 2545 invidiosam
1219 2491 1220 2532 l

190 2560 380 2625 consistentis
403 2580 443 2625 ex
465 2560 585 2625 diverso
609 2563 735 2645 patroni,
755 2577 805 2627 aut
822 2563 925 2648 patris,
941 2565 991 2627 vel
1004 2561 1127 2628 misera·
1219 2593 1220 2648 r

190 2646 254 2722 bili,
272 2646 363 2723 senis,
377 2647 474 2723 caeci,
491 2644 619 2709 insontis.
1218 2721 1219 2724 Ἴ

235 2730 278 2793 Et
292 2732 413 2815 quidem
433 2730 539 2816 quibus
559 2731 702 2794 adversus
725 2732 801 2795 haec
824 2729 921 2796 modis
944 2733 982 2796 sit
1004 2734 1128 2797 meden-

192 2817 274 2892 dum,
288 2816 443 2879 verbosius
460 2815 593 2901 tradunt,
605 2816 801 2901 materiasque
816 2818 873 2901 ipsi
889 2818 945 2880 sibi
959 2818 1083 2900 fingunt,
1096 2832 1131 2883 et

191 2901 229 2964 ad
245 2922 360 2964 morem
374 2900 525 2964 actionum
540 2915 776 2985 persequuntur:
799 2904 853 2967 sed
864 2904 933 2979 hae,
946 2922 1015 2964 oum
1030 2902 1165 2969 arian-m
1217 2877 1220 2960 i

192 3000 237 3049 tur
252 3006 292 3049 ex
307 2986 417 3065 causis,
432 3004 554 3071 quarum
570 2987 689 3071 species
704 2988 847 3071 consequi
862 3005 967 3050 omnes
981 3008 1041 3049 non
1057 3006 1130 3070 pos-

192 3092 305 3153 sumus,
331 3073 388 3137 nisi
411 3072 586 3158 generaliter
610 3073 909 3155 comprehendantur,
932 3071 962 3135 in
985 3072 1131 3137 infinitam

192 3174 259 3222 sunt
274 3160 484 3224 extrahendae.
532 3154 637 3231 Quare
653 3158 773 3246 singulis
788 3157 945 3222 consilium
957 3176 997 3220 ex
1008 3157 1130 3243 propria

192 3244 305 3305 ratione
320 3257 468 3307 nascetur.

237 3326 314 3389 Illud
340 3328 371 3389 in
394 3330 563 3391 universum
585 3343 779 3415 praeceptum
801 3329 850 3405 sit,
874 3342 908 3391 nt
929 3328 967 3391 ab
986 3328 1034 3407 iis,
1050 3346 1164 3412 quaen

193 3411 323 3490 laedunt,
347 3413 385 3476 ad
408 3432 456 3492 ea,
480 3434 557 3497 quae
579 3431 715 3498 prosunt,
738 3412 928 3497 refugiamus.
978 3413 1014 3479 Si
1036 3434 1130 3479 cause
1216 3435 1218 3494 ς

194 3496 403 3575 laborabimus,
421 3518 550 3583 persona
572 3500 747 3576 subveniam
769 3499 795 3562 si
810 3515 950 3582 persona,
966 3517 1079 3563 causa:
1101 3500 1130 3563 si
1215 3513 1216 3518 ’

194 3584 275 3664 nihil,
293 3580 374 3673 quod
388 3604 444 3649 nos
459 3584 590 3671 adjuvet,
608 3586 675 3664 erit,
691 3602 878 3670 quaeramus,
896 3584 967 3669 quid
988 3586 1129 3649 adverse·
