2459 4200
169 285 232 348 tu
456 297 493 345 rr.
514 297 610 346 rarrr
627 295 853 354 turnrrnrstn

507 617 652 682 CAPUT
668 621 756 682 ΧΧΙ.

488 802 528 844 Μ
544 803 779 846 nummum.

210 941 396 1013 Susurrun
411 942 591 1020 emendatio,
608 963 678 1026 pars
695 943 860 1007 studiorum
878 943 970 1027 longe
987 941 1110 1007 utilissi-

164 1047 223 1092 ma.
270 1027 379 1112 Neque
397 1027 477 1092 enin
498 1027 562 1092 sine
580 1049 672 1092 eausa
688 1028 835 1092 creditum
856 1042 914 1106 est,
931 1028 1031 1092 stilum
1046 1049 1112 1092 non

163 1113 262 1177 minus
275 1135 379 1196 agere,
395 1135 465 1176 eum
480 1114 570 1178 delet.
619 1111 722 1198 Hujus
741 1127 840 1177 artem
858 1114 959 1198 operis
975 1127 1036 1192 est,
1052 1115 1112 1176 od·

157 1199 267 1285 jirrrr,
285 1199 452 1276 detrolure,
470 1209 597 1262 ramere.

210 1285 276 1350 Sed
298 1283 414 1350 facilius
436 1284 525 1348 iniis
548 1283 773 1370 simpliciusque
790 1283 953 1368 judicium,
968 1305 1131 1368 quaere-⁵

163 1369 273 1454 plenda
285 1371 332 1434 vel
346 1369 515 1454 dejicienda
529 1377 598 1434 sunt
614 1393 622 1432 ε
647 1391 783 1454 premere
799 1389 871 1433 vero
887 1370 1041 1447 tumentia,
1054 1370 1111 1432 hu·

163 1455 244 1517 milia
268 1456 428 1530 extollere,
443 1455 622 1518 luxuriantia
647 1456 821 1537 astringere,
838 1455 1002 1518 inordinata
1023 1454 1111 1537 dige-

161 1559 240 1614 rere,
263 1539 358 1600 soluta
385 1557 581 1621 componere,
602 1541 782 1604 exsultantia
802 1543 963 1617 coercere,
979 1540 1112 1624 duplicis

162 1642 285 1706 operae.
332 1620 411 1685 Nam
433 1637 463 1685 et
479 1623 647 1687 damnanda
664 1639 743 1702 sunt,
760 1645 838 1706 quae
859 1625 1057 1707 placuerant;
1076 1639 1112 1690 et

163 1707 355 1786 invenienda,
369 1727 446 1792 qnae
469 1706 612 1791 fugerant.
659 1709 728 1772 Neo
744 1710 866 1772 dubium
888 1724 947 1788 est,
962 1709 1108 1794 optimum
1120 1735 1147 1773 ro

163 1815 234 1860 esse
255 1793 433 1858 emendandi
455 1816 560 1878 gemas,
576 1795 603 1858 si
618 1795 732 1880 scripta
744 1794 774 1856 in
789 1794 913 1878 aliquod
926 1810 1045 1880 ternpus
1059 1817 1112 1860 re·
1178 1831 1184 1842 ·

163 1895 322 1964 ponuntur,
339 1895 374 1944 ut
393 1881 431 1944 ad
455 1902 492 1944 ea
513 1895 583 1965 post
604 1881 807 1958 intervallum,
822 1880 904 1944 velut
922 1902 1001 1944 nova
1018 1895 1111 1964 atque

163 1965 271 2041 aliena,
286 1967 457 2043 redeamus,
474 1988 512 2028 ne
535 1967 622 2030 nobis
644 1967 756 2050 scripta
776 1979 889 2042 nostra,
906 1980 1047 2049 tanquam
1061 1988 1111 2030 re·

162 2061 266 2112 rentes
281 2047 374 2127 setus,
390 2045 585 2113 blandiantur.

208 2134 275 2201 Sed
290 2154 388 2221 neque
403 2136 463 2199 hoe
477 2136 653 2220 contingere
670 2156 790 2221 semper
805 2150 916 2221 potest,
935 2137 1112 2221 praesertim
1118 2158 1155 2198 re.

163 2220 284 2301 oratmi,
301 2222 350 2285 eui
366 2222 487 2305 saepius
502 2223 635 2287 scribere
651 2224 688 2287 ad
707 2237 880 2307 praesentes
896 2245 968 2287 usus
981 2244 1111 2287 neeesse

163 2321 233 2373 est:
264 2322 295 2371 et
318 2309 488 2373 emendatio
511 2310 601 2373 finem
624 2310 743 2373 habeat.
792 2308 871 2374 Sunt
896 2309 976 2371 euim
997 2308 1049 2407 qui
1069 2310 1111 2371 ad

162 2395 264 2459 omnia
287 2396 411 2481 scripta,
428 2410 569 2478 tanquam
590 2394 711 2473 vitiosa,
727 2396 863 2471 redeant,
879 2410 908 2458 et
931 2416 1015 2479 quasi
1036 2394 1111 2457 nihil

162 2476 206 2543 fas
221 2482 259 2544 sit
270 2495 387 2544 rectum
398 2502 477 2557 esse,
491 2482 571 2563 quod
588 2482 716 2563 primum
731 2495 789 2557 est,
801 2480 907 2543 metim
922 2480 1111 2557 existiment,

162 2566 306 2649 quiequid
321 2580 370 2629 est
382 2565 472 2642 aliud,
489 2565 579 2647 idque
593 2563 717 2641 faciant,
734 2566 851 2648 quoties
866 2566 974 2629 librum
992 2566 1022 2627 in
1042 2586 1145 2628 ma-no

162 2670 217 2711 nus
239 2663 475 2731 resumpserunt,
492 2650 603 2713 similes
626 2649 752 2714 medicis
769 2650 858 2713 etiam
875 2651 988 2734 integm
1001 2672 1111 2715 secan·

162 2730 252 2794 tibus.
299 2732 427 2795 Aeeidit
442 2733 553 2815 itaque,
565 2748 596 2796 ut
610 2733 789 2797 cicatricosa
803 2736 874 2810 sint,
887 2751 920 2797 et
931 2736 1111 2819 exsanguia,-

162 2829 193 2879 et
207 2836 279 2879 eura
292 2814 407 2900 pejora.
457 2816 507 2879 Sit
524 2838 596 2900 ergo
618 2818 788 2900 aliquando,
802 2819 887 2898 quod
909 2819 1040 2900 placeat,
1057 2834 1114 2885 aut

162 2914 244 2967 certe
260 2901 342 2985 quod
360 2900 508 2963 sufficiat:
532 2916 565 2963 ut
587 2922 666 2985 opus
686 2900 781 2983 poliat
801 2900 884 2978 lima,
900 2916 1111 2969 ueneramus.

208 2986 375 3071 Temporis
394 3006 516 3073 quoque
546 3006 614 3050 esse
637 2986 729 3049 debet
757 2985 876 3050 modies.
921 2985 1003 3050 Nam
1024 2992 1145 3073 quados

161 3074 279 3139 Cinnae
296 3072 461 3159 Zmyrnam
484 3092 596 3137 novem
614 3072 699 3136 aunis
713 3072 888 3155 accepimus
902 3073 1058 3157 scriptam,
1074 3090 1111 3141 et

162 3158 402 3244 Panegyricum¹
417 3159 573 3236 Isocratis,
598 3157 648 3242 qui
679 3158 868 3242 parcissime,
884 3160 994 3223 decem
1022 3162 1110 3226 annis

162 3244 265 3307 dieunt
291 3246 488 3323 elaboratam,
504 3245 542 3307 ad
565 3258 716 3325 oratorem
742 3244 813 3308 nihil
836 3246 988 3329 pertineat
1017 3247 1110 3331 eujus

161 3328 271 3391 nullum
294 3330 362 3408 erit,
379 3330 404 3393 si
427 3344 488 3393 tam
511 3330 630 3393 tardum
652 3328 751 3410 luerit,
769 3330 921 3395 auxilium.
972 3326 1032 3414 [X.
1049 3332 1106 3413 a}
