2459 4200
167 248 210 312 80
461 261 499 306 rr.
518 261 613 306 reru
632 255 855 311 coruscarent

167 415 285 490 dicitur,
302 409 423 496 quidam
437 411 466 474 in
487 423 582 474 totum
600 431 619 474 a
636 410 794 494 prooemio
815 420 1028 486 summoreut;
1048 429 1110 474 noa

165 499 243 564 nube
259 497 382 583 quidem
397 496 426 560 in
440 497 517 560 hanc
534 496 758 581 persuasionem
774 494 888 559 ratione
903 494 994 558 ducti.
1028 493 1111 561 Naar

166 603 287 670 prorsus
303 583 445 647 essehoc
461 582 554 666 magis
576 582 747 651 secundum,
759 594 891 644 naturam
906 580 1111 646 confitendum

166 683 223 749 est,
235 684 267 735 ut
279 691 332 734 eos
348 668 531 752 alloquamur
547 667 746 752 potissimum,
759 688 835 752 quos
850 665 1012 730 conciliare
1023 667 1109 731 nobie

165 755 330 820 studemus·
378 752 501 818 Interim
523 765 625 818 tamen
645 768 675 816 et
690 767 736 816 est
750 753 810 814 hoc
824 752 984 836 prooemio
1002 771 1130 816 neces-s

165 843 260 906 sarius
283 862 388 906 sensus
411 839 528 922 aliquis,
545 853 576 902 et
595 839 621 902 is
640 838 738 902 acrior
752 838 786 900 fit
799 853 890 921 atque
904 836 1111 904 vehementior

165 927 205 990 ad
226 947 385 1012 personam
405 925 535 989 directus
558 924 689 1002 alterius,
736 922 830 995 Quod
853 921 880 986 si
902 922 1033 1000 accidat,
1048 945 1112 1007 quc

161 1010 242 1158 ΕΝ,
259 1026 309 1075 aut
331 1033 390 1095 qua
412 1024 493 1074 tanta
515 1009 724 1108 superstitione
746 1007 939 1092 prohibemur
961 1007 1034 1070 dare
1055 1030 1113 1091 per
1215 1028 1216 1081 t

204 1117 242 1159 uc
272 1097 394 1180 liguram
431 1106 592 1160 sententiae
622 1094 730 1158 vires?
785 1092 894 1176 Neque
923 1093 1003 1156 enim
1031 1092 1113 1158 istud
1215 1150 1216 1157 ,

67 1193 71 1198 “
166 1181 328 1265 scriptores
345 1180 479 1258 Artium,
495 1180 564 1264 quia
584 1201 645 1243 non
659 1179 761 1256 liccat,
778 1179 834 1241 sed
847 1177 918 1261 quia
931 1199 992 1240 nou
1008 1191 1145 1262 putantes
1215 1202 1216 1255 t

165 1266 249 1345 utile,
273 1280 385 1331 vetant.
437 1263 497 1342 Ita,
521 1265 547 1328 si
569 1265 672 1327 vincet
693 1264 816 1342 utilitas,
840 1276 962 1347 propter
984 1264 1114 1328 eandem
1215 1262 1216 1273 ’

166 1373 287 1418 causam
307 1351 408 1416 lacere
423 1350 612 1428 debebimus,
628 1364 752 1435 propter
767 1370 857 1433 quam
876 1362 1020 1412 vetamur.
1066 1347 1111 1416 Et

166 1435 393 1500 Demosthenes
409 1450 509 1498 autem
524 1436 562 1498 ad
576 1435 763 1498 Aeschinem
776 1433 942 1496 orationem
952 1433 987 1516 ju
1000 1455 1111 1518 proce*
1215 1432 1217 1507 i

166 1521 227 1584 mio
243 1521 403 1597 convertit,
422 1534 451 1582 et
468 1518 594 1583 Marcus
611 1519 743 1598 Tullius,
754 1541 824 1582 cum
841 1539 895 1602 pro
910 1519 974 1583 aliis
1010 1519 1112 1584 uibus·

166 1605 247 1682 dam,
264 1605 303 1669 ad
319 1625 394 1688 quos
415 1605 443 1668 ei
458 1605 555 1668 visum
576 1619 635 1683 est,
651 1619 714 1668 tum
734 1626 790 1689 pro
805 1602 930 1688 Ligario
946 1606 984 1669 ad
1036 1607 1146 1669 ube=ra

166 1711 291 1757 torrem:
314 1712 383 1754 nam
399 1705 462 1754 erat
477 1691 570 1754 multo
585 1689 681 1754 lutura
695 1690 871 1774 languidior,
888 1690 915 1754 si
930 1704 1012 1755 osset
1026 1691 1113 1757 aliter
1215 1717 1217 1728 ·

165 1776 309 1860 figurata:
337 1778 417 1860 quod
440 1776 554 1840 facilius
578 1791 756 1860 cognoscet,
780 1775 893 1859 siquis
916 1775 995 1840 iham
1016 1791 1114 1841 totam

165 1877 280 1947 partem
295 1861 601 1941 vehementissimam,
619 1861 706 1947 cujus
721 1863 797 1926 haec
813 1860 909 1925 forma
931 1876 989 1941 est,
1008 1861 1116 1926 Habes

164 1947 276 2031 igitur,
300 1948 432 2026 Tubero,
449 1949 527 2030 quod
544 1959 585 2011 aar
600 1949 771 2012 coamatori
785 1949 914 2011 manime
932 1947 1112 2031 optandam,
1215 1989 1216 1992 =

166 2046 197 2096 et
212 2045 325 2112 cetera,
341 2033 498 2098 convertat
513 2034 550 2096 ad
562 2033 699 2119 judicem
714 2056 725 2112 ;
746 2048 810 2098 tum
824 2032 903 2096 enim
917 2053 989 2096 vere
1005 2051 1147 2098 aversam
1215 2028 1216 2035 ἵ

165 2118 301 2183 videatur
330 2120 437 2205 oratio,
466 2134 496 2183 et
526 2120 698 2203 languescat
728 2121 773 2184 ris
803 2118 913 2196 amuis,
941 2118 1112 2187 dicentibus

165 2204 264 2283 nobis,
284 2205 385 2268 Habet
398 2206 499 2289 igitur
521 2204 654 2285 Tubero,
671 2206 752 2291 qaod
771 2216 813 2269 ert
835 2204 1006 2267 accusatori
1026 2225 1113 2267 raca⁴

164 2288 223 2353 irae
239 2292 416 2375 optandam.
463 2291 522 2356 Illo
538 2292 619 2355 enirn
633 2295 726 2357 modo
746 2292 855 2377 pressit
875 2305 965 2376 atque
984 2290 1115 2369 iustitit3

165 2374 224 2441 hoc
240 2392 353 2443 tanturn
368 2378 538 2443 indicasset.
587 2378 681 2449 Quod
697 2380 778 2441 idem
794 2378 823 2441 in
844 2376 1068 2453 Demosthene,
1084 2377 1113 2441 si

165 2458 277 2525 flexum
301 2465 341 2526 illi
364 2464 535 2539 mutaveris,
553 2464 681 2525 accidet.
729 2462 843 2531 Quid?
865 2483 925 2525 non
950 2460 1149 2529 Sallustium
1214 2491 1215 2502 ¹

165 2544 282 2607 directo
298 2547 335 2607 ad
352 2546 548 2623 Ciceronem,
564 2547 593 2607 in
609 2567 699 2627 quem
715 2547 813 2628 ipsum
828 2544 960 2623 dicebat,
977 2567 1050 2611 usus
1063 2562 1114 2615 est
1214 2611 1215 2614 ,

164 2627 324 2711 principio,
339 2631 501 2713 etquidem
517 2630 662 2715 protinus,
684 2630 828 2693 Graviter
842 2639 870 2691 et
884 2630 991 2714 iniqua
1006 2634 1113 2699 animo

164 2713 327 2776 meledicta
346 2724 399 2797 tua
414 2726 547 2798 paterer,
563 2716 678 2779 Marce
700 2715 819 2779 Tatttt
841 2715 920 2779 siout
941 2732 972 2781 et
993 2715 1112 2783 Cicero

130 2820 133 2830 ¹
165 2794 281 2860 lecerat
300 2798 330 2859 in
345 2798 519 2879 Catilinam,
543 2803 706 2887 eraurpna
721 2801 842 2865 taudem
856 2801 979 2865 abutere
989 2803 1112 2886 patae·

165 2882 210 2943 tia
225 2882 358 2943 staura?
1117 2900 1149 2947 υ

211 2964 275 3043 Ac,
293 2985 331 3030 na
351 2966 417 3050 quis
440 2974 642 3059 apostrophen
664 2974 799 3051 miretur,
815 2974 895 3037 idem
917 2968 1033 3037 Cicero
1053 2989 1110 3056 pro

168 3051 287 3119 Scauro
308 3053 435 3117 ambitus
455 3076 519 3135 reo,
537 3082 614 3143 quae
638 3082 731 3124 carisa
752 3075 799 3123 est
820 3060 851 3123 in
873 3057 1109 3138 commentariis,

169 3138 254 3222 (narn
267 3140 314 3203 bis
330 3140 460 3205 eundem
475 3141 636 3230 defendis)
659 3166 751 3229 proso
787 3150 861 3229 pria
882 3142 1031 3229 loquantis
1051 3162 1113 3230 pru

165 3244 220 3285 reo
252 3224 368 3310 utitur,
399 3247 455 3307 pro
486 3224 613 3290 Rabirio
640 3255 717 3295 vero
777 3248 909 3308 ostano,
938 3231 1049 3295 eodem
1090 3250 1111 3293 u

170 3306 287 3372 Scauro
308 3328 361 3370 reu
385 3310 626 3392 repetundarum,
650 3318 740 3380 etiam
760 3318 903 3399 exemplis
914 3338 926 3392 ς
955 3331 1011 3399 pro
1033 3314 1145 3381 Cra-⁸
1214 3369 1215 3374 ,

167 3391 248 3456 oratio
267 3392 314 3476 (ut
327 3392 419 3456 modo
435 3394 565 3478 ostendi)
581 3399 759 3479 partitione.
805 3399 876 3463 Non
897 3414 997 3464 tamen
1017 3401 1109 3482 bueo,
1214 3445 1215 3502 p

166 3477 235 3562 quia
250 3493 375 3562 possunt
390 3479 467 3541 bene
482 3479 640 3563 aliquando
655 3484 730 3561 fieri,
744 3483 855 3569 passim
868 3484 1006 3551 facienda
1020 3494 1111 3566 stuta

167 3564 222 3629 aed
239 3563 357 3651 quoties
380 3578 574 3651 praeceptum
595 3568 701 3634 vicerit
722 3569 819 3634 nuo:
841 3573 994 3654 quomodo
1015 3584 1048 3637 et
1066 3570 1110 3637 si·
