2459 4200
165 244 203 306 16
451 260 487 302 rr.
507 259 601 304 rasrr
620 256 842 311 currrrnrrrrr
1213 314 1217 327 Ι

163 431 217 476 suo
243 411 336 494 magis
360 400 454 494 quam'
475 431 578 476 eorum
605 409 725 474 nomine
747 409 925 485 delectetur,
941 404 992 490 qui
1013 417 1098 470 recte

158 495 346 580 judicabunt.
573 503 576 511 '

205 579 323 644 Pueros
339 580 579 645 adolescentibus
598 579 705 644 sedere
724 578 899 663 permixtos,
917 596 977 639 non
998 574 1101 658 placet
1219 654 1220 657 Ἴ

161 665 244 730 mihi.
290 665 369 729 Nam
385 666 501 729 etiamsi
517 667 561 731 vir
576 665 654 743 talis,
671 665 789 748 qualem
808 685 875 727 esse
898 674 1017 746 oportet
1039 672 1101 722 stu·
1215 672 1219 755 p

162 750 218 814 diis
234 751 424 836 moribusque
445 751 659 836 praepositum,
677 750 846 812 modestam
868 749 978 810 babere
999 753 1122 828 p‘otests
1216 762 1219 773 ·

163 836 250 898 etiarn
269 835 481 920 juventutem3
504 851 603 899 tamen
619 836 668 898 vel
685 834 836 896 infirmitas
851 853 869 896 a
884 829 1101 895 robustioribus

162 921 327 1004 separanda
342 935 410 998 est;
434 935 464 984 et
480 921 642 984 carendum
657 941 715 981 non
730 919 827 981 solum
841 917 965 981 crimine
976 915 1101 998 turpitu-

162 1005 250 1082 dinis,
268 1027 371 1068 verum
387 1006 475 1069 etiam
491 1006 672 1088 suspicione.
720 1003 810 1066 Haec
825 1003 956 1065 notanda
969 999 1102 1064 breviter

162 1090 340 1152 existimavi.
376 1089 466 1153 ”Nam
481 1104 513 1153 ut
528 1090 605 1152 absit
614 1091 652 1152 ab
664 1089 773 1152 ultimis
785 1087 863 1150 vitiis
875 1088 941 1171 ipse
953 1105 1101 1170 praecep·

162 1189 219 1252 tor,
237 1197 272 1238 ac
295 1175 410 1253 schola,
427 1197 464 1237 ne
487 1175 731 1259 praecipiendum
753 1173 874 1256 quidem
896 1173 1000 1235 credo.
1048 1168 1138 1232 Acro

162 1259 187 1322 si
209 1260 273 1343 quis
297 1274 353 1339 est,
371 1261 421 1344 qui
437 1259 546 1344 flagitia
561 1259 717 1324 manifesta
730 1258 760 1320 in
776 1257 933 1341 deligendo
948 1256 998 1319 filii
1014 1275 1100 1340 prae·

161 1359 286 1428 ceptore
302 1366 361 1407 non
377 1346 461 1423 vitet,
474 1345 538 1430 jam
560 1344 629 1407 binc
652 1344 738 1422 sciat,
755 1358 856 1406 cetera
876 1361 1005 1425 quoque,
1023 1359 1102 1422 quae

161 1430 199 1491 ad
216 1430 370 1492 utilitatem
388 1429 551 1513 juventutis
568 1450 753 1511 componere
768 1449 922 1504 conamur,
939 1445 1007 1488 esse
1027 1422 1098 1500 sibi,

162 1513 216 1576 hac
233 1527 316 1596 parte
332 1515 455 1592 omissa,
472 1535 666 1597 supervacua.
718 1511 779 1596 [ΙΙ.
798 1519 830 1576 2.
1213 1468 1219 1709 ¹

1213 1711 1219 1740 l

516 1953 658 2014 CAPUT
679 1953 736 2012 ΙΙΙ.

221 2137 261 2178 ΔΝ
276 2136 426 2178 Pitumnus
441 2134 658 2176 rRaacsrromr
673 2134 790 2175 OPTIMO
806 2133 853 2173 Sl‘l'
868 2134 1032 2175 UTENDUM.

205 2273 258 2337 Ns
275 2274 390 2338 illorum
405 2273 526 2358 quidem
542 2273 695 2357 persuasio
714 2270 832 2336 silentio
851 2271 1026 2335 transeunda
1043 2285 1100 2350 est,
1109 2293 1139 2335 rs

162 2360 225 2444 qui,
243 2360 331 2424 etiam
350 2382 420 2424 cum
440 2360 566 2423 idoneos
585 2359 695 2422 rhetori
712 2380 821 2442 pueros
837 2369 1025 2442 putaverunt,
1042 2377 1104 2419 non

163 2462 261 2509 tamen
284 2446 426 2507 continuo
449 2444 609 2506 tradendos
633 2443 866 2505 eminentissimo
890 2441 1027 2517 credunt,
1047 2442 1103 2505 sed

163 2529 240 2611 apud
257 2528 386 2590 minores
398 2527 575 2609 aliquamdiu
590 2527 743 2587 detinent:
767 2539 906 2607 tanquam
917 2524 1103 2606 instituendis

163 2612 273 2675 artibus
288 2611 381 2693 magis
397 2610 435 2673 sit
449 2624 519 2693 apta
534 2610 725 2672 mediocritas
741 2608 961 2692 praeceptoris,
978 2628 1048 2671 cum
1064 2610 1103 2673 ad

164 2696 345 2758 intellectum
361 2710 449 2779 atque
466 2694 661 2771 imitationem
676 2693 802 2772 sacilior,
816 2706 877 2755 tum
893 2693 931 2756 ad
947 2695 1140 2777 suscipen·aa

164 2782 216 2843 das
233 2781 447 2843 elementorum
468 2778 619 2842 molestias
638 2780 733 2841 minus
752 2780 890 2862 superba.
938 2778 1010 2849 Qua
1024 2780 1053 2840 in
1068 2800 1103 2843 re

163 2866 233 2927 mihi
253 2887 311 2927 non
327 2866 450 2927 arbitror
466 2864 514 2926 diu
534 2864 739 2941 laborandum,
756 2877 788 2927 ut
806 2865 974 2942 ostendam,
991 2877 1103 2948 quanto

163 2950 200 3014 sit
229 2950 333 3014 melius
360 2949 479 3033 optimis
503 2949 604 3026 imbui,
629 2964 795 3032 quantaque
818 2949 847 3011 in
870 2948 1002 3011 eluendis
1025 2969 1103 3032 quae

163 3037 257 3099 semel
289 3034 450 3100 insederint
480 3034 556 3098 vitiis
588 3034 744 3098 difficultas
775 3049 995 3118 consequatur3
1032 3052 1103 3094 cum

162 3122 340 3205 geminarum
364 3142 438 3185 onus
460 3120 659 3183 succedentes
680 3133 808 3203 premat,
826 3118 991 3203 etquidem
1007 3115 1139 3179 dedo-so

163 3206 250 3267 cendi
274 3207 390 3286 gravius
413 3229 449 3268 ac
473 3207 565 3288 prius,
583 3228 671 3289 quam
688 3205 827 3268 docendi.
875 3202 1006 3287 Propter
1021 3202 1103 3286 quod

166 3288 361 3350 Timotheum
377 3290 489 3350 clarum
506 3290 535 3350 in
550 3306 612 3351 arte
628 3290 776 3369 tibiarum,
793 3289 890 3352 ferunt
905 3288 1040 3369 duplices
1063 3287 1102 3349 ab

163 3373 210 3449 iis,
234 3393 309 3455 quos
334 3372 405 3434 alius
430 3372 613 3451 instituisset,
638 3376 757 3438 solitum
783 3374 904 3455 exigere
931 3374 1101 3452 mercedes,

163 3479 251 3542 quam
268 3457 291 3519 si
308 3456 395 3519 rudes
412 3458 605 3521 traderentur.

206 3542 301 3607 Error
323 3555 421 3604 tamen
445 3555 490 3605 est
512 3542 541 3604 in
563 3564 595 3605 re
619 3542 754 3627 duplex:
778 3564 865 3620 unus,
882 3543 963 3624 quod
985 3542 1137 3605 interimar
