2459 4200
165 264 228 331 ten
457 278 496 329 u·
515 278 609 325 ertu
627 276 852 329 conuertunt

160 430 221 501 lum
235 428 385 517 differem,
398 442 431 499 ut
446 428 485 496 de
499 442 585 513 gesto
600 428 681 513 prius
696 428 795 499 dicam
810 449 819 496 t
843 428 895 512 qui
909 442 940 495 et
954 428 1022 512 ipen
1036 430 1111 501 voni

160 514 319 593 nonnemo,
337 526 367 587 ot
382 515 480 585 animo
495 536 565 585 oum
580 536 619 583 on
631 514 720 583 nou
734 528 830 598 paret·

203 600 236 669 Is
252 614 394 685 quantum
412 601 521 669 hebeat
542 600 573 669 iu
594 613 713 668 oratore
736 599 892 677 momenti,
908 598 980 669 nus
999 600 1050 667 vel
1063 622 1111 667 ex

160 708 199 757 eo
223 700 314 771 patet,
332 686 415 770 quod
440 686 592 771 plerique,
609 684 701 756 etiem
726 686 801 754 eino
824 684 929 763 verba,
945 685 1107 769 significet.

162 771 287 857 Quippe
313 794 372 839 nou
402 794 506 841 monus
530 772 640 850 solnm,
655 772 711 841 ned
733 786 820 837 nutus
842 770 934 839 enam
953 771 1147 839 declarante
1229 836 1230 839 ,

162 873 293 925 nostram
315 857 509 957 voluntatem,
526 872 557 928 et
578 858 608 923 iu
630 857 719 925 mutis
743 878 797 941 pro
818 878 959 924 sermone
980 871 1060 936 sunt,
1077 872 1111 923 et

162 944 279 1009 saltatio
294 942 464 1027 frequenter
485 966 549 1007 stne
569 964 648 1007 voce
667 942 836 1025 intelligitur
850 956 940 1025 etque
954 942 1058 1020 omnir,
1075 958 1110 1012 ot

163 1052 202 1093 ex
217 1029 300 1096 vultu
315 1029 507 1113 ingressuque
527 1028 706 1114 perspicitur
724 1028 842 1094 habitus
863 1028 1051 1094 animorum:
1074 1043 1109 1092 et

163 1112 332 1181 animalium
347 1136 468 1203 qnoque
483 1135 623 1181 sermone
637 1114 802 1181 carentium
820 1113 876 1189 iro,
892 1112 1016 1190 neoda,
1032 1114 1109 1180 odu-

162 1200 235 1265 latio
251 1214 280 1265 et
295 1200 390 1271 oeulis
410 1216 440 1267 et
454 1200 631 1285 quibusdem
652 1199 717 1263 aliis
736 1199 872 1283 eorporis
892 1198 983 1281 signis
998 1199 1146 1283 deme-ro

164 1285 312 1353 henditur.
359 1284 427 1351 Neo
456 1286 575 1362 mirum,
596 1285 622 1353 si
643 1285 711 1362 isto,
727 1306 804 1382 puto
831 1300 930 1350 temen
955 1283 986 1351 iu
1007 1284 1110 1368 aliquo

164 1372 261 1455 posita
282 1386 348 1439 sunt
371 1385 466 1449 motu,
484 1386 595 1437 tanturn
612 1370 641 1437 in
655 1370 760 1437 unitum
775 1369 899 1445 volout3
921 1391 991 1437 eum
1008 1369 1109 1452 pictu-

164 1478 209 1537 τι,
226 1471 329 1521 tacens
345 1479 433 1539 opus,
450 1471 482 1523 et
499 1457 614 1522 habitus
634 1477 755 1539 semper
770 1454 918 1540 ejusdem,
935 1454 979 1519 sio
994 1454 1023 1519 iu
1037 1454 1109 1519 inti·

164 1562 230 1607 mos
256 1555 394 1623 penetret
420 1542 558 1619 affectus,
577 1554 608 1607 ut
634 1540 728 1624 ipsam
744 1541 805 1609 vim
829 1539 948 1607 dicendi
972 1561 1110 1605 nonnun-
1229 1592 1230 1621 ἶ

164 1644 252 1709 quom
268 1646 408 1708 superero
424 1625 567 1695 videntur.
1117 1651 1146 1694 ro
1229 1626 1230 1629 '

207 1708 323 1784 Contra
345 1709 370 1775 si
392 1724 493 1795 gertus
519 1730 555 1777 to
580 1710 677 1777 vultur
702 1711 740 1775 ob
762 1711 897 1779 orotione
920 1710 1107 1789 diotontiont,

165 1796 258 1867 tristia
282 1796 416 1865 dicamus
446 1797 566 1875 hilaret,
591 1797 772 1865 affirmemus
802 1797 899 1879 nliqno
924 1809 1109 1863 renuentes:

165 1905 226 1951 non
241 1884 400 1955 ouotoritao
415 1884 506 1951 modo
522 1882 634 1960 verbis,
651 1883 706 1951 ned
721 1882 811 1950 etiam
825 1882 901 1949 fides
917 1880 1004 1946 desit.

210 1966 319 2033 Decor
333 1989 452 2050 quoquo
468 1990 485 2033 n
500 1982 584 2051 gestu
599 1983 689 2051 atque
703 1990 722 2033 a
736 1981 818 2035 motu
833 1967 924 2035 venit.
970 1965 1111 2050 Ideoque

166 2050 392 2118 Demosthenes
407 2053 518 2134 grande
533 2053 686 2136 quoddam
702 2053 820 2129 intuens
838 2052 1006 2138 speouluuu
1023 2072 1145 2120 eom-et

165 2157 278 2222 ponere
306 2137 455 2200 actionem
480 2139 606 2202 solebat.
655 2137 761 2217 Adeo,
778 2139 911 2223 quamvis
937 2137 1033 2221 fulgor
1058 2137 1110 2204 ilie
1229 2145 1230 2184 i

167 2222 299 2294 sinistros
322 2223 465 2308 imagines
487 2225 604 2304 reddat,
621 2225 682 2297 tuin
705 2226 824 2294 demum
848 2224 944 2292 oeulis
965 2223 1106 2302 eredidit,

167 2311 249 2396 quod
264 2311 410 2378 efficeret.

211 2396 413 2482 Praecipuum
432 2418 504 2460 vero
524 2396 554 2463 in
577 2397 709 2474 oenone,
724 2397 803 2464 sieut
825 2396 854 2458 in
875 2416 1006 2479 corporo
1027 2395 1109 2478 ipso,

168 2496 259 2566 orput
285 2500 343 2559 eet,
364 2505 432 2549 oum
458 2482 496 2548 nd
523 2481 615 2556 illum,
633 2483 672 2548 de
694 2503 755 2564 quo
782 2481 856 2558 dixi,
874 2481 1029 2559 decorem,
1046 2494 1145 2550 tumet
1229 2483 1230 2542 Ξ

168 2567 258 2632 etiam
273 2569 310 2634 od
331 2566 585 2648 significationem.
632 2566 768 2633 Deoorit
788 2567 835 2632 illu
853 2582 933 2645 sunt,
950 2580 983 2631 ut
996 2566 1035 2634 sit
1048 2565 1111 2649 pri-

167 2665 348 2716 merentum
363 2664 394 2714 et
408 2649 572 2719 seeundum
587 2665 732 2717 naturam.
778 2650 859 2718 Nam
874 2665 904 2716 ot
919 2649 1041 2735 dejecto
1055 2651 1110 2717 hm

167 2732 286 2806 milites,
304 2747 334 2798 ot
357 2732 464 2812 supino
487 2733 764 2814 arrogantium
786 2737 862 2802 letus
884 2736 1024 2802 inclinato
1046 2736 1116 2803 lom

166 2836 251 2899 guni,
269 2829 299 2880 et
320 2815 467 2897 praeduro
486 2837 522 2880 ee
543 2817 657 2898 rigente
682 2819 817 2886 barberio
831 2819 978 2901 quaedam
999 2821 1113 2890 mentio

167 2899 343 2966 ostenditur.
392 2897 474 2970 Turn
491 2899 620 2984 occipiat
634 2916 721 2984 optes
732 2923 773 2970 ex
784 2902 849 2986 ipen
860 2902 980 2969 notione
995 2917 1144 2984 motum
1228 2940 1229 2975 t

168 2999 200 3052 ut
214 3008 283 3054 oum
298 3000 382 3070 gestu
398 2986 575 3062 nouoordet,
594 3002 625 3054 et
645 2986 778 3054 monibus
800 3009 836 3051 oo
857 2987 997 3055 lateribus
1018 2989 1111 3057 obno-
1228 2988 1229 2995 '

167 3087 283 3159 quatur.
331 3072 486 3156 Aspeotus
516 3073 594 3142 euim
623 3095 744 3158 sempor
766 3074 875 3143 endem
896 3073 1031 3152 verritur,
1048 3096 1113 3158 quo
1228 3094 1229 3121 t

167 3175 280 3242 gestus,
297 3159 435 3242 exeeptis
450 3181 526 3244 quae
547 3174 595 3226 eut
611 3160 764 3237 domuere,
780 3175 831 3226 aut
850 3182 911 3227 nou
925 3159 1108 3238 concedere,

167 3259 218 3309 out
232 3265 250 3308 a
265 3245 350 3312 nobie
366 3267 522 3312 remouere
538 3246 712 3328 oportebit:
736 3260 769 3313 ut
785 3246 865 3314 idem
882 3245 954 3314 illud
967 3246 1050 3316 nutu
1064 3245 1109 3312 ria
1229 3305 1230 3310 ,

168 3328 291 3392 deumor
306 3329 447 3406 aversuri,
465 3352 554 3402 monn
567 3331 738 3414 repellere:
1114 3351 1146 3402 ὅ
1229 3363 1230 3366 ¹

336 3455 400 3474 ι-ηπ
409 3431 452 3480 Dii
463 3432 538 3481 telem
550 3433 652 3488 evertite
664 3441 782 3496 pentorn·
1084 3451 1088 3454 ·

335 3522 400 3530 --
410 3496 485 3551 Hnud
498 3499 612 3564 equidem
625 3499 668 3553 mii
679 3515 720 3554 nte
732 3499 818 3566 dignm
829 3499 930 3557 bonore

91 3607 104 3616 ··
167 3579 327 3664 Significat
338 3599 411 3648 vero
427 3579 559 3665 plurimis
575 3584 683 3652 modis.
723 3582 803 3652 Num
817 3599 936 3672 praeter
950 3582 1106 3662 mouendi,
