2459 4200
348 315 501 363 sennem
520 317 673 372 auennrr
690 322 827 369 carran.
1015 308 1078 376 183

173 465 294 533 Verum
310 468 354 533 sio
370 491 489 556 quoque
502 470 568 556 jam
586 473 728 553 robustis,
746 490 776 539 et
793 477 946 541 severiore
965 497 1077 564 genere

129 555 200 620 suis
216 555 340 620 firmatis
361 555 516 640 legendus,
534 559 582 621 vel
604 559 686 638 ideo,
704 562 785 644 quod
808 583 953 628 exercere
974 579 1076 649 potest

128 641 267 726 ntririque
287 640 448 726 judicium.
497 637 594 708 Multa
617 645 706 723 enirn,
724 660 757 709 ut
779 647 853 726 dixi,
870 649 1022 733 probanda
1044 653 1075 716 iu

129 745 180 804 eo,
198 726 289 791 maha
311 727 412 790 etiam'
428 727 599 793 admiranda
622 745 711 794 sunt:
735 731 845 816 eligere
868 734 962 797 modo
984 755 1075 802 eume

94 811 180 890 usit,
201 813 280 896 quod
302 813 414 876 utinam
438 813 504 899 ipse
531 813 663 879 fecisset.
711 815 822 902 Digna¹
840 818 919 881 enim
946 818 1000 884 tuit
1026 821 1074 886 illa

128 909 243 974 namra,
259 917 335 982 quae
358 897 480 964 meliora
503 899 605 979 vellet,
623 921 711 986 quae,
729 904 810 987 quod
833 904 936 982 voluit,
958 905 1070 971 effecit.

133 977 193 1064 [X.
213 983 262 1062 1·l

473 1345 613 1408 CAPUT
635 1347 723 1408 XIX.

422 1529 471 1569 DE
497 1525 772 1573 lMlTATIOM.

169 1665 224 1729 Ex
239 1667 287 1731 iria
301 1664 468 1750 ceterisque
484 1667 614 1730 lectione
626 1668 720 1752 dignis
736 1668 906 1735 auctoribus
921 1684 951 1734 et
963 1672 1077 1735 verbo«

125 1771 191 1818 rum
207 1753 352 1816 sumenda
368 1753 456 1836 eopia
472 1767 518 1816 est
532 1768 563 1816 et
577 1754 704 1818 varietas
716 1755 885 1838 figurarum,
900 1771 929 1818 et
944 1777 1071 1838 compo⁴

93 1837 218 1901 ronendi
240 1838 337 1901 ratio:
361 1851 423 1901 tum
440 1837 478 1900 ad
494 1839 667 1921 exemplum
683 1840 822 1901 virtutum
838 1840 971 1904 omnium
985 1858 1071 1904 mens

126 1923 292 2006 dnigenda.
338 1921 446 2008 Neque
462 1923 540 1986 enim
556 1921 683 1986 dubitari
697 1937 809 2008 potest,
826 1925 896 2008 quin
917 1923 986 1988 artis
1002 1941 1070 2010 pars

124 2025 235 2091 magna
247 2008 429 2072 contineatur
440 2007 619 2072 imitatione.
658 2009 739 2073 Nam
754 2024 785 2074 ut
800 2010 933 2076 iuvenire
944 2011 1076 2096 primum

124 2091 191 2173 suit,
205 2106 311 2179 estque
321 2095 516 2181 praecipuum
533 2118 541 2157 τ
565 2095 608 2159 sie
621 2118 668 2175 ea,
679 2119 755 2181 quae
768 2096 845 2161 bene
856 2098 974 2162 inventa
989 2111 1073 2176 sunt,-

127 2180 198 2243 utile
221 2180 316 2263 sequi.
365 2180 468 2265 Atque
491 2182 587 2244 omnis
610 2182 690 2245 vitae
711 2184 787 2245 ratio
811 2184 855 2246 sic
879 2197 1007 2259 constat,
1025 2196 1067 2259 ut,

95 2284 205 2349 requae
224 2264 385 2349 probamus
404 2266 433 2329 in
454 2266 530 2342 aliis,
548 2264 648 2328 iacere
671 2267 728 2349 ipsi
744 2268 880 2329 velimus.
930 2266 985 2329 Sic
1005 2264 1072 2326 lite-

13 2384 16 2389 ·
126 2368 225 2414 rurum
247 2352 365 2430 duetus,
383 2366 414 2415 ut
437 2350 586 2415 scribendi
606 2350 661 2411 fiat·
677 2372 759 2425 usus,
777 2348 861 2433 pueri
885 2362 1047 2431 sequuntur
1061 2370 1073 2409 ι.

127 2436 171 2500 sie
194 2438 300 2501 mus‘iei
322 2458 432 2501 vocem
453 2434 636 2511 docentium,
653 2435 786 2518 pictores
809 2450 902 2517 opera
926 2432 1073 2517 priorum,

126 2512 229 2585 rustici
243 2522 399 2606 probatam
412 2522 619 2606 experimento
632 2520 776 2583 culturam
792 2519 821 2581 in
838 2516 1009 2603 exemplum
1025 2517 1069 2579 in·

126 2620 253 2671 tuentur.
300 2606 408 2671 Omnis
431 2608 558 2691 denique
578 2606 752 2690 disciplinae
772 2604 853 2669 initia
873 2605 912 2669 ad
931 2603 1069 2689 proposi·

92 2704 191 2755 nouum
217 2692 271 2757 sibi
298 2694 516 2777 praescriptum
543 2690 662 2755 formari
685 2689 834 2757 videmus.
879 2689 923 2753 Et
946 2690 1071 2755 hercule

125 2792 253 2842 neeesse
269 2791 325 2859 est,
340 2794 389 2843 aut
404 2779 514 2843 similes
530 2792 580 2842 aut
592 2778 750 2843 dissimiles
765 2778 851 2841 bonis
866 2778 968 2841 simus.
1018 2776 1073 2841 Si·

126 2862 228 2926 m'dem
254 2880 322 2927 rard
343 2878 444 2928 natura
468 2878 609 2949 praestat,
627 2862 796 2949 frequenter
818 2863 952 2927 imitatio.
1003 2860 1071 2925 Sed

124 2948 187 3011 hoo
201 2948 311 3034 ipsum,
328 2951 409 3033 quud
430 2964 512 3013 tanto
527 2948 693 3013 faciliorem
713 2950 799 3011 nobis
814 2948 960 3009 rationem
974 2946 1070 3007 omni⁴

125 3054 177 3096 um
192 3032 275 3110 seuit,
293 3055 381 3131 quam
396 3032 449 3096 suit
463 3034 510 3110 iis,
528 3034 577 3114 qui
592 3033 675 3106 nihil,
693 3032 774 3112 quod
794 3042 999 3110 sequerentur,
1016 3028 1074 3089 ha*

92 3118 265 3192 abrorum,
279 3118 335 3179 nisi
350 3130 437 3179 caute
454 3130 484 3179 et
499 3136 568 3177 cum
576 3114 693 3212 judicio
709 3110 951 3194 apprehenditur,
964 3123 1071 3172 nocet..

170 3203 258 3267 Ante
268 3198 365 3263 omnia
381 3201 470 3283 igitur
482 3200 605 3262 imitatio
616 3216 672 3281 per
686 3218 720 3259 se
735 3196 801 3281 ipsa
814 3214 874 3257 non
889 3192 1071 3273 sufficit,vel

124 3290 195 3376 quin
210 3285 287 3373 pigri
308 3296 356 3349 est
376 3284 498 3369 ingenii,
515 3296 688 3348 contentum
706 3302 777 3346 esse
792 3280 840 3360 iis,
857 3297 934 3366 quae
955 3280 1013 3347 sint
1032 3279 1072 3348 alt

121 3374 193 3439 eliis
203 3373 335 3437 numm
383 3370 468 3443 Quid
478 3370 563 3434 enirn
577 3368 706 3433 suturam
721 3382 784 3432 erat
799 3368 983 3453 temporibus
998 3367 1070 3449 illis,

126 3481 204 3545 quae
227 3459 292 3523 sine
310 3456 451 3543 exemplo
473 3454 600 3533 suerunt,
624 3455 648 3519 si
668 3455 804 3519 homines
823 3454 896 3518 rr‘lill
915 3456 972 3521 trisi
986 3446 1075 3541 quod

93 3544 188 3631 ujarrr
204 3544 426 3629 cognovissent,
441 3542 613 3607 laetendnm
628 3536 683 3605 sibi
699 3554 781 3607 aute
822 3541 954 3605 'tandum
967 3547 1073 3623 potas-

127 3628 227 3695 sesti
265 3628 386 3716 Nempe
401 3626 766 3693 rrllrilfuissetinventam.
833 3618 1073 3709 origitur-delas
