2459 4200
323 302 477 347 sennen
495 302 645 357 annnam
663 306 798 349 crrrrr.
985 291 1047 354 167

103 454 182 519 banc
193 454 292 538 ipsam
306 454 518 519 necessitatem
535 477 542 517 ι
566 478 623 519 nec
637 456 697 519 hoc
713 456 817 542 paucis
833 458 924 521 modo
935 459 1047 539 verbis,

104 542 157 603 sed
181 554 247 603 toto
269 540 374 602 colore
395 540 533 617 actionis,
551 555 582 604 ut
600 542 631 604 id
651 564 719 605 euru
742 564 801 605 nou
817 543 919 607 dicere
941 546 1046 622 modo,

103 626 159 689 sed
175 626 267 687 etiam
283 646 354 687 vere
370 625 472 687 dicere
493 641 646 709 appareat.
692 626 760 690 Nec
781 629 914 690 causanti
935 630 1049 713 pupillo

104 711 150 773 sic
172 724 253 773 tutor
275 709 419 773 irascatur
447 732 585 793 uuquam,
604 726 636 773 ut
659 733 718 774 non
743 727 914 775 remaneant
939 715 1048 779 amoris

83 795 244 877 evestigia,
262 808 291 857 et
312 816 398 857 sacra
413 796 561 878 quaedam
582 796 673 879 patris
692 796 756 882 ejus
776 798 930 860 memoria.
977 798 1050 861 Jam

105 880 260 963 quomodo
287 894 391 943 contm
421 880 609 943 abdicantem
636 896 762 965 patrem,
779 898 952 965 querentem
974 904 1050 946 uxo·

104 986 182 1042 rem,
200 964 247 1046 agi
268 984 390 1027 causam
413 979 576 1047 oporteret,
594 966 624 1027 in
646 965 734 1044 libro,
751 982 782 1029 ut
806 968 942 1045 arbitror,
960 969 1050 1051 septi·

105 1072 155 1113 mo
176 1050 251 1113 dixi.
299 1048 432 1119 Quando
451 1050 539 1113 etiam
562 1051 644 1134 ipsos
659 1052 752 1135 loqui,
769 1053 888 1136 quando
910 1054 1049 1117 advocati

105 1156 185 1197 voce
200 1134 243 1197 nti
259 1135 379 1211 deceat,
391 1150 509 1217 quartus
525 1136 610 1213 liber,
625 1136 654 1197 in
669 1158 729 1219 quo
744 1138 891 1221 prooemii
905 1159 1050 1221 praecep-

71 1234 135 1283 1ota
150 1233 230 1296 sunt,
243 1219 386 1281 continet.
427 1218 507 1282 Esse
518 1220 546 1282 in
556 1221 656 1283 verbis
665 1221 747 1303 quod
763 1223 882 1298 deceat,
900 1237 949 1284 aut
963 1237 1050 1305 turpe

105 1305 155 1381 sit,
168 1304 279 1367 nemini
295 1303 417 1367 dubium
432 1318 488 1367 est.

152 1388 256 1451 Unum
274 1388 339 1474 jam
360 1389 445 1471 igitur
466 1389 534 1451 huic
558 1390 641 1468 loco,
658 1391 739 1472 quod
759 1404 805 1453 est
825 1412 898 1453 sane
916 1410 1050 1453 summae

106 1474 302 1551 difficultatis,
320 1473 520 1558 adjiciendum
537 1475 665 1553 videtur,
677 1476 783 1559 quibus
798 1476 895 1539 modis
912 1497 959 1553 ea,
974 1498 1050 1559 quae

106 1575 176 1623 sunt
205 1574 308 1622 natura
338 1580 442 1642 parum
473 1560 623 1642 speciosa,
639 1577 788 1644 quaeque‘
805 1584 865 1624 non
888 1561 1002 1639 dicere,
1025 1561 1050 1625 si

72 1646 278 1719 rsutrumlibet
300 1659 381 1707 esset
403 1643 539 1721 liberum,
557 1646 775 1724 maluissemus,
792 1669 852 1709 non
872 1662 971 1709 tamen
993 1648 1051 1709 siut

106 1730 251 1794 indecora
268 1729 445 1793 dicentibus.
493 1729 577 1800 Quid
598 1732 782 1814 asperiorem
797 1732 908 1793 habere
923 1731 1051 1792 frontem

105 1830 221 1899 potest,
240 1830 290 1877 aut
305 1814 374 1897 quid
399 1835 484 1877 aures
507 1815 659 1877 hominum
682 1815 776 1896 magis
791 1829 945 1897 respuunt,
963 1834 1051 1896 quam

106 1920 180 1963 cum
201 1914 248 1961 est
266 1899 325 1961 filio
342 1899 431 1961 filiive
453 1900 606 1961 advocatis
630 1899 659 1960 iu
680 1913 804 1963 matrem
822 1898 1051 1982 perorandum?

107 1984 286 2067 Aliquando
306 1998 404 2047 tamen
423 2004 549 2047 necesse
566 1998 622 2062 est,
639 1998 672 2047 ut
686 1983 715 2046 in
731 2005 820 2047 causa
835 1982 967 2048 Cluentii
983 1982 1051 2047 Ha·

71 2070 161 2135 nubiti
180 2091 187 2130 :
211 2070 265 2134 sed
281 2092 339 2134 non
355 2081 476 2153 semper
490 2068 537 2133 illa
551 2070 610 2147 via,
629 2091 686 2154 qua
705 2084 809 2134 contra
826 2070 962 2136 Sassiam
977 2069 1050 2134 Cic·

107 2178 161 2219 ero
177 2179 248 2220 usus
268 2172 337 2220 est:
360 2155 502 2237 nunquia
520 2177 578 2225 non
600 2157 649 2219 ille
668 2157 793 2238 optime,
810 2158 865 2219 sed
880 2158 948 2239 quia
963 2157 1051 2239 pluri-

107 2263 189 2304 mum
206 2241 308 2318 refert,
321 2263 379 2324 qua
394 2240 422 2302 in
437 2262 470 2303 re
485 2254 515 2303 et
531 2261 589 2323 quo
605 2240 698 2302 modo
710 2241 819 2302 laedat.
867 2240 975 2321 Itaque
991 2239 1050 2317 illa,

108 2348 177 2390 cum
194 2327 252 2388 filii.
266 2341 357 2410 caput
378 2325 474 2408 palam
494 2325 691 2408 impugnaret,
707 2323 821 2386 sortiter
835 2322 889 2386 suit
903 2323 1051 2405 repellen-

108 2412 157 2474 da.
206 2410 281 2474 Duo
304 2426 416 2487 tamen,
433 2431 509 2492 quae
532 2410 596 2472 sola
619 2422 804 2492 supererant,
822 2407 922 2470 divine
938 2407 1052 2470 Cicero

72 2497 250 2560 asservavit.
299 2497 502 2572 Pr·imum,›ne
521 2495 748 2558 oblivisceretur
762 2493 958 2571 reverentiae,
975 2514 1052 2576 quae

108 2582 281 2666 parentibus
304 2582 454 2644 debetur:
479 2579 588 2642 deiude
609 2594 653 2657 ut,
670 2580 805 2663 repetitis
832 2579 917 2642 altius
940 2579 1051 2659 causis,

109 2666 336 2748 diligentissime
351 2666 534 2742 ostenderet,
552 2686 641 2748 quam
656 2665 698 2743 id,
710 2666 789 2749 quod
806 2679 869 2730 erat
884 2665 913 2728 iu
928 2682 1053 2730 matrem

110 2751 257 2829 dicturus,
273 2773 333 2814 uon
356 2765 508 2834 oporteret
531 2753 623 2814 modo
643 2752 718 2830 fieri,
737 2752 792 2815 sed
815 2752 904 2816 etiarn
926 2775 1053 2817 necesse

110 2851 204 2900 esset.
253 2837 415 2919 Primaque
446 2836 521 2898 baec
552 2837 702 2920 expositio
731 2837 795 2916 suit,
820 2860 985 2923 quanquam
1014 2840 1053 2903 ad

75 2937 299 3006 aupraeseutem
314 2920 518 3004 quaestionem
534 2922 604 2984 nihil
620 2924 796 3006 pertinebat.
831 2925 923 2985 Adeo
938 2925 966 2984 in
982 2945 1053 2985 cau·

110 3029 144 3076 sa
156 3007 269 3071 difficili
285 3021 373 3089 atque
388 3007 532 3090 perplexa
547 3007 618 3068 nihil
633 3007 713 3089 prius
729 3007 899 3067 intuendum
912 3006 1051 3080 credidit,

110 3113 204 3176 qaam
219 3092 289 3172 quid
305 3093 437 3154 deceret.
484 3091 574 3154 Fecit
594 3089 692 3171 itaque
712 3108 820 3148 nomen
841 3086 971 3168 parentis
993 3107 1054 3148 nou

108 3177 175 3240 filio
192 3175 378 3254 invidiosum,
397 3177 452 3240 sed
467 3175 534 3259 ipsi,
552 3175 580 3235 iu
596 3193 684 3256 quarn
700 3170 864 3234 dicebatur.

156 3260 266 3324 Potest
278 3275 375 3325 tamen
390 3261 546 3344 aliquando
562 3273 656 3322 mater
671 3272 702 3320 et
716 3257 746 3318 in
760 3277 792 3318 re
807 3255 920 3319 leviore
935 3269 985 3320 aut
999 3257 1054 3321 mi·

79 3369 166 3410 sanus
188 3345 295 3410 infesta
315 3361 419 3410 contra
438 3347 530 3410 filium
551 3358 653 3408 stare:
677 3357 739 3406 tum
758 3341 853 3405 lenior
868 3357 956 3428 atque
975 3367 1054 3407 sum·

112 3432 233 3495 missior
248 3433 369 3494 decebit
383 3432 489 3494 oratio.
536 3430 615 3492 Nam
634 3443 664 3491 et
684 3427 904 3508 satisfaciendo,
921 3446 972 3494 aut
986 3452 1055 3493 nos·

114 3530 189 3580 tram
219 3517 384 3581 minuemus
408 3516 558 3591 invidiam,
576 3528 627 3576 'aut
647 3515 735 3577 etiam
763 3515 792 3578 in
813 3516 963 3580 diversum
986 3533 1054 3575 eam

114 3601 325 3666 transferemus
342 3625 353 3664 ε.
374 3616 404 3666 et
426 3602 452 3665 si
473 3601 599 3685 graviter
614 3599 717 3664 dolere
735 3602 826 3666 filium
842 3603 941 3686 palam
955 3597 1053 3676 suerit,
