2459 4200
153 284 217 345 182
437 297 475 341 rr.
495 296 589 341 rsarr
608 294 831 349 carnarum

150 450 278 534 demque
296 448 460 513 secundum
476 470 512 511 ac
528 448 648 511 tertium
666 447 779 526 locum,
797 447 896 510 donec
914 447 953 509 ab
967 468 1007 511 eo
1021 468 1095 532 qua·

150 536 192 599 eri
215 534 386 597 desineret:
411 548 442 596 ut
464 554 529 597 eum
552 533 648 596 videri
670 548 773 618 posset
799 552 859 593 non
885 532 1092 629 praecipuam,

149 619 203 683 sed
219 620 314 683 solam
325 618 480 704 judicasse
496 641 503 681 t
528 618 657 703 ideoque
679 619 745 717 ipse
764 634 826 681 tarn
842 617 997 699 diligenter
1011 618 1094 702 apud

150 704 360 769 Andronicum
384 702 576 789 Hypocriten
599 706 721 780 studurt,
739 716 769 767 ut
791 702 1004 766 admirantibus
1027 702 1095 789 ejus

150 790 315 853 orationem
337 788 467 853 Rhodiis
488 810 546 852 non
571 788 719 851 immerito
735 787 906 851 Aeschines
922 788 1037 853 dixisse
1051 789 1119 850 vis

151 876 266 952 dentur,
278 876 352 959 quid
366 876 393 936 si
407 875 507 957 ipsum
521 875 681 937 audissetis
695 873 712 936 l
756 872 799 936 Et
813 872 861 935 M.
875 873 991 937 Cicero
1006 896 1096 937 unam

150 960 180 1023 in
196 960 325 1023 dicendo
340 960 490 1023 actionem
506 960 649 1025 dominari
668 972 761 1043 putat.
809 957 883 1021 Hac
896 957 957 1021 Cn.
976 957 1094 1021 Lentu·

150 1044 209 1108 lum
225 1046 290 1129 plus
306 1045 453 1129 opinionis
466 1060 674 1121 consecutum,
686 1064 776 1126 quarn
791 1043 970 1128 eloquentia,
981 1044 1069 1106 tradit
1083 1065 1093 1105 ε

151 1130 257 1192 eadem
270 1129 310 1194 C.
326 1128 501 1193 Gracchum
517 1131 547 1193 in
559 1130 699 1193 deflenda
709 1128 806 1192 fratris
821 1149 898 1191 nece
913 1128 1002 1192 totius
1018 1148 1095 1212 pop-

151 1215 191 1277 uli
207 1214 337 1278 Romani
356 1215 494 1279 lacrimas
510 1216 680 1278 concitasse
696 1236 704 1275 ε
728 1228 759 1277 et
775 1213 941 1276 Antonium
955 1228 987 1276 ct
1000 1213 1095 1300 Cras·
1105 1236 1134 1275 ro

152 1322 217 1363 sum
240 1302 362 1365 multum
384 1302 525 1379 valuisse,
543 1301 701 1384 plurimum
722 1320 796 1363 vero
819 1298 863 1369 Q.
881 1296 1093 1363 Hortensium.

151 1384 248 1470 Cujus
269 1388 311 1449 rei
333 1387 407 1449 fides
430 1401 487 1463 est,
505 1388 585 1469 quod
609 1386 673 1470 ejus
697 1385 808 1468 scripta
830 1399 942 1446 tantum
962 1385 1036 1447 intra
1050 1384 1096 1448 sa·

152 1489 231 1531 mam
248 1485 325 1547 sunt,
343 1490 401 1553 qua
416 1472 465 1533 diu
488 1471 627 1556 princeps
642 1484 805 1547 oratorum,
822 1470 976 1552 aliquando
991 1490 1094 1533 aemu-

151 1552 196 1615 lus
219 1553 378 1617 Ciceronis
405 1555 589 1617 existimatus
616 1570 672 1631 est,
694 1555 867 1631 novissime,
885 1555 983 1637 quoad
1003 1554 1094 1633 vixit,

151 1638 325 1701 secundus:
349 1652 381 1700 ut
410 1652 564 1725 appareat,
590 1640 740 1721 placuisse
766 1640 877 1724 aliquid
900 1660 939 1703 co
961 1640 1093 1720 dicetne,
1105 1665 1135 1706 15

151 1723 233 1807 quod
248 1724 380 1807 legentes
395 1745 455 1786 non
471 1724 646 1787 invenimus.
694 1723 737 1787 Et
757 1725 879 1802 hercule
894 1746 964 1787 curn
979 1725 1096 1789 valeant

152 1809 276 1873 multum
291 1810 382 1873 verba
398 1832 452 1894 per
468 1832 512 1887 se,
530 1825 636 1873 atrox
658 1811 810 1895 propriam
830 1811 890 1872 vim
911 1809 1031 1895 adjiciat
1045 1832 1094 1873 re·

151 1894 219 1971 bus,
238 1909 268 1957 et
283 1910 383 1979 gestus
400 1911 557 1980 motusque
572 1896 719 1979 significet
733 1895 855 1979 aliquid,
872 1894 1011 1980 proiecto
1026 1918 1094 1980 per·

152 1976 264 2041 lectum
279 1980 419 2060 quiddam
435 1982 511 2057 fieri,
529 2002 598 2043 cum
615 1981 712 2044 omnia
730 1982 876 2058 coierunt,
893 2002 1020 2045 necesse
1036 1995 1093 2045 est.

193 2061 275 2150 Sunt
296 2077 394 2127 tamen
410 2065 460 2148 qui
481 2066 585 2128 rudem
607 2066 698 2142 illam,
716 2079 747 2129 et
761 2066 880 2150 qualem
899 2066 1028 2151 impetus
1043 2088 1133 2133 cu·ao

148 2147 258 2232 jusque
274 2148 362 2212 animi
377 2150 453 2228 tulit,
465 2152 614 2215 actionem
626 2151 764 2237 judicent
777 2151 944 2229 fortiorem,
955 2167 987 2217 et
1000 2154 1097 2216 solam

151 2233 223 2297 viris
239 2235 381 2320 dignam:
405 2238 459 2301 sed
482 2259 542 2300 non
564 2238 612 2301 alii
634 2237 708 2314 iere,
726 2259 815 2321 quam
829 2237 880 2323 qui
898 2237 988 2301 etiam
1005 2239 1036 2300 in
1050 2238 1095 2302 di·

152 2321 252 2383 cende
276 2343 378 2386 curam
401 2338 432 2386 et
454 2338 547 2386 artem
570 2339 601 2386 et
623 2324 762 2403 nitorem,
779 2338 810 2387 et
833 2324 975 2408 quicquid
997 2324 1096 2387 studio

151 2421 282 2552 paratur,
300 2423 331 2471 ut
358 2409 497 2472 affectata
520 2423 550 2472 et
573 2430 677 2492 parum
698 2409 841 2472 naturalia
864 2409 962 2472 solent
985 2409 1096 2493 impro-

173 2511 223 2555 are
238 2514 247 2568 3
270 2494 318 2555 vel
334 2493 382 2576 qui
398 2495 558 2556 verborum
579 2509 668 2576 atque
684 2494 692 2554 i
716 2494 777 2556 sius
792 2495 883 2556 etiarn
898 2495 964 2558 soni
979 2491 1135 2558 rustici-as

151 2588 224 2652 tate,
237 2590 268 2638 ut
284 2576 324 2637 L.
340 2577 463 2638 Cottam
479 2577 552 2639 dicit
566 2578 680 2640 Cicero
694 2515 816 2655 iecisse,
834 2580 1029 2643 imitationem
1044 2599 1096 2642 an·

151 2659 292 2739 tiquitatis
309 2661 459 2721 affectant.
494 2661 609 2722 Verum
626 2662 667 2722 illi
683 2664 876 2745 persuasione
888 2687 940 2728 sua
951 2664 1096 2743 fruantur,

151 2742 202 2823 qui
216 2743 394 2816 hominihus,
412 2757 443 2804 ut
459 2744 516 2805 sint
531 2759 676 2820 oratores,
694 2748 764 2810 satis
780 2761 883 2829 putant
897 2751 979 2812 nasci
995 2771 1002 2810 τ
1025 2771 1097 2814 nos·

100 2899 104 2906 ι
151 2840 199 2886 tro
213 2824 307 2886 labori
324 2827 395 2887 dent
410 2827 538 2902 veniam,
556 2829 605 2909 qui
627 2829 698 2890 nihil
721 2830 872 2892 credimus
893 2853 961 2894 esse
976 2833 1097 2914 persec-

151 2922 224 2986 tum,
242 2909 298 2973 nisi
314 2911 363 2974 uhi
379 2925 482 2974 natura
498 2933 568 2974 cura
580 2911 711 2996 juvetur.

196 2995 231 3059 In
248 2996 306 3059 hoc
323 2997 409 3081 igitur
424 3017 483 3060 non
496 2998 711 3062 contumaciter
723 2999 891 3078 consentio,
902 3001 1011 3084 primas
1028 3023 1096 3086 par·

152 3097 197 3148 tes
214 3105 281 3147 esse
297 3099 427 3148 naturae.
474 3083 552 3147 Nam
564 3098 648 3147 certe
663 3085 740 3147 bene
755 3085 951 3168 pronunciare
965 3108 1026 3151 uon
1040 3109 1095 3173 po-

152 3170 230 3246 terit,
248 3170 297 3232 cui
313 3185 361 3234 aut
376 3171 405 3232 in
421 3169 540 3254 scriptis
556 3170 712 3248 memoria,
730 3184 780 3233 aut
795 3170 824 3232 in
839 3171 887 3250 iis,
905 3191 982 3256 quae
996 3174 1095 3239 subito

152 3251 279 3314 dicenda
303 3269 398 3329 erunt,
422 3254 546 3319 facilitas
569 3271 707 3340 prompta
730 3254 880 3341 desuerit:
903 3279 961 3322 nec
984 3259 1008 3322 si
1031 3259 1093 3322 iue-

152 3335 330 3399 meudahilia
346 3341 405 3400 oris
420 3339 612 3404 incommoda
628 3342 796 3405 obstabunt.
841 3341 989 3427 Corporis
1005 3345 1131 3410 edomas

148 3431 336 3504 potestesse
352 3423 447 3504 aliqua
468 3439 547 3489 tanta
564 3425 747 3505 deformitas,
766 3441 797 3490 ut
816 3428 895 3491 nulla
914 3443 978 3492 arte
992 3430 1094 3494 vinca·

152 3519 208 3569 tur.
259 3505 324 3570 Sed
342 3527 380 3569 ue
395 3528 457 3570 vox
472 3510 592 3591 quidem
613 3512 700 3576 exilis
721 3512 869 3575 actionem
890 3513 1001 3578 hahere
1016 3514 1094 3600 opti·

153 3612 232 3656 mam
247 3605 357 3678 potest.
398 3589 485 3656 Bona
500 3594 579 3658 enirn
590 3597 734 3681 firmaque
749 3611 782 3660 ut
792 3597 928 3664 volumus
943 3599 984 3664 uti
999 3599 1094 3665 liceta

1223 3720 1227 3877 l
