2459 4200
356 259 509 304 sanaem
527 259 676 313 eumuna
694 261 830 306 carrus.
1033 245 1080 306 78

134 409 295 486 cherrima,
321 431 389 474 curn
413 409 494 494 plura
518 411 621 494 paucis
643 411 877 496 complectitur:
900 410 988 496 quale
1010 411 1079 478 scl-

134 495 213 560 lustii
224 510 282 570 est,
293 495 496 558 Mithridates
512 518 634 578 corpure
648 498 780 580 ingenti,
788 496 916 579 perinde
930 509 1076 564 amatur.

2 598 6 606 ·
46 592 50 597 “
134 579 208 644 Hoc
226 581 303 644 male
321 581 466 644 imitantes
482 584 613 664 sequitur
628 584 805 647 obscuritas.

178 667 289 730 Vicina
299 666 489 749 praedictae,
507 669 560 730 sed
580 669 705 752 amplior
721 670 813 732 uirtus
828 681 875 730 est
889 678 1019 748 ἔμφασις,
1037 667 1078 732 al·

111 751 243 816 stiorem
266 753 411 834 praebens
435 751 629 830 intellectum,
646 776 736 837 qnam
758 775 846 837 quem
863 755 955 819 verba
976 776 1030 839 per
1044 773 1078 818 se

134 835 201 919 ipsa
217 837 377 899 declarant.
424 836 502 921 Ejus
526 839 602 902 duae
625 853 692 903 sunt
714 859 856 924 spectes:
880 839 985 916 altera,
1001 860 1078 923 quae

132 922 201 1069 pipp
208 920 374 1070 ppppificat,
391 943 478 1004 quem
495 923 568 986 dicit
585 945 591 984 :
615 926 719 1002 altera,
736 947 812 1008 quae
831 925 980 1003 etiamid,
997 923 1078 1008 quod

177 1091 268 1154 Prior
284 1105 329 1155 est
344 1107 374 1155 et
396 1093 475 1176 apud
493 1091 675 1172 Homerum,
699 1117 770 1158 cum
793 1091 951 1160 Menelaus
965 1094 1077 1158 Graios

3 1229 5 1258 ἶ
96 1176 164 1239 roin
180 1199 286 1260 equum
302 1179 485 1240 descendisse
498 1178 560 1255 ait;
583 1202 652 1241 narn
664 1181 758 1242 verbo
773 1202 832 1242 uno
847 1181 1076 1264 magnitudinem

133 1283 201 1350 eJus
216 1263 344 1326 ostendit
360 1285 367 1325 :
392 1280 421 1326 et
437 1263 517 1346 apud
533 1263 703 1346 Virgilium,

375 1411 518 1460 Demissam
532 1410 593 1474 lapsi
606 1425 650 1474 pcr
660 1409 753 1458 sunem.
764 1435 830 1446 -—-

130 1528 211 1592 Nam
230 1530 274 1594 sic
291 1550 409 1614 quoque
430 1532 553 1596 altitudo
577 1533 778 1595 demonstrata
801 1545 857 1594 est.
906 1529 994 1596 Idem
1010 1531 1076 1617 cy·

131 1616 221 1700 olopa
244 1641 314 1682 cum
333 1618 468 1700 jacuisse
481 1618 554 1680 dixit
567 1639 624 1700 per
638 1628 771 1694 antrum,
785 1617 989 1701 prodigiosum
1003 1618 1079 1682 illud-

3 1775 4 1783 *
96 1722 243 1784 rscorpus
259 1702 356 1785 spatio
372 1703 430 1765 loci
451 1725 570 1766 mensus
587 1719 643 1766 est.

3 1791 4 1794 ’
33 1799 40 1809 ’
179 1787 313 1870 Sequens
340 1788 436 1870 posita
461 1803 506 1851 est
528 1789 556 1850 in
581 1810 657 1850 voce
683 1801 734 1850 aut
759 1787 881 1849 omnino
900 1807 1073 1869 suppressa,

132 1872 288 1934 autetiam
304 1873 430 1936 abscisa.
483 1874 694 1954 supprimitur
707 1893 782 1948 vox,
800 1884 831 1932 ut
849 1868 922 1932 lecit
942 1892 996 1954 pro
1019 1868 1074 1932 Li·

131 1956 217 2040 gerlo
243 1957 376 2020 Cicero:
408 1959 525 2034 Quodsi
550 1959 585 2020 in
611 1958 668 2020 luce
692 1967 778 2020 tuntu
798 1953 932 2037 fortune
958 1957 1075 2020 bonitus

131 2052 217 2105 tantu
231 2063 293 2106 non
307 2053 390 2121 esset,
407 2065 496 2127 quarn
511 2054 544 2108 tu
555 2064 612 2128 per
624 2055 661 2120 te,
669 2064 726 2127 per
740 2053 767 2106 te
782 2043 920 2127 inquom,
937 2043 1073 2106 obtines:

95 2129 283 2212 solntellt‘go‚
301 2130 375 2212 qnid
391 2132 508 2213 mqnar.
558 2131 670 2193 Tacuit
684 2131 764 2193 enim
779 2130 861 2205 illud,
873 2130 955 2211 quod
969 2128 1073 2191 nihilo·

130 2215 226 2278 minus
242 2215 420 2299 accipimus,
437 2238 495 2279 non
511 2216 619 2279 deesse
634 2216 781 2289 homines,
798 2214 848 2296 qui
864 2215 901 2275 ad
917 2213 1073 2275 crudelita-

130 2314 192 2363 tem
204 2322 272 2363 eum
285 2301 443 2383 impellant.
491 2301 672 2363 Absciditnc
683 2322 738 2381 per
749 2307 940 2370 ἀποσιώπησιν
957 2322 966 2357 ,·
983 2317 1077 2377 quac,

131 2387 271 2469 quoniam
287 2403 333 2449 est
347 2386 449 2469 figura,
466 2387 607 2449 reddetur
628 2406 684 2449 suo
704 2384 786 2446 loco.
832 2381 891 2443 Est
906 2381 935 2441 io
950 2380 1081 2462 vulgari-

131 2472 185 2534 bus
201 2493 321 2555 quoque
344 2472 443 2536 verbis
467 2472 616 2555 emphasis
634 2492 641 2531 ε
673 2471 780 2533 Virum
795 2488 854 2531 esre
869 2475 1007 2549 oportet‚·
1031 2479 1073 2543 et,

96 2580 126 2620 as
135 2556 232 2619 Honto
248 2566 290 2619 est
304 2558 357 2618 ille
370 2578 381 2632 ,·
393 2568 395 2573 '
405 2574 447 2636 et,
468 2558 635 2619 Vivendutn
649 2567 701 2619 est.
743 2555 835 2619 Adeo
848 2552 951 2619 similis
963 2566 1010 2616 est
1020 2550 1080 2615 arti.

131 2643 307 2727 plerumque
321 2659 435 2706 natura.

176 2728 246 2790 Non
262 2745 359 2791 tamen
375 2728 445 2791 satis
461 2728 648 2812 eloquentiae
663 2742 721 2806 est,
739 2749 787 2802 ea,
804 2728 843 2790 dc
858 2726 967 2810 quibus
981 2724 1078 2803 dicat,¹

133 2814 212 2878 elare
228 2827 318 2897 atque
341 2814 495 2876 evidenter
517 2816 676 2878 ostendere
692 2837 700 2876 t
723 2814 778 2877 sed
793 2827 860 2877 sunt
876 2810 959 2874 multi
974 2832 1010 2873 ac
1024 2832 1074 2873 va·

132 2899 165 2961 rii
189 2898 378 2961 excolendae
400 2900 539 2963 orationis
562 2901 654 2965 modi.
701 2898 780 2962 Nam
800 2899 866 2982 ipsa
889 2898 938 2959 illa
961 2901 1074 2971 ἀφέλεια

3 2986 4 3023 ³
97 2986 262 3069 aosimplex
289 2998 320 3047 et
346 2984 513 3047 inaffectata
539 2987 629 3049 hebet
653 2986 802 3067 quendam
829 3002 954 3062 purum,
980 2979 1075 3059 qualis

3 3092 5 3099 ’
133 3070 222 3132 etiam
239 3070 269 3130 in
283 3067 399 3131 leminis
421 3086 544 3146 amatur,
562 3078 714 3141 ornatum,
732 3080 762 3128 et
782 3080 850 3127 sunt
864 3063 1009 3156 quaedem
1024 3081 1083 3119 νε·-

134 3155 178 3216 lut
193 3175 210 3216 e
226 3153 305 3215 tenui
321 3154 470 3237 diligentia
486 3155 566 3217 circa
583 3152 796 3236 proprietatem
817 3146 1075 3229 significationem·

133 3260 193 3325 que
209 3240 378 3303 munditiae.
428 3240 498 3303 Alia
514 3240 602 3321 eopia
616 3235 765 3319 locuples,
775 3233 832 3297 alia
848 3230 970 3300 floribus
984 3229 1073 3294 laeta.

140 3326 261 3388 virium
283 3347 342 3387 non
365 3347 455 3388 unum
477 3348 579 3407 genus.
627 3322 719 3398 Nam,
735 3318 878 3405 quidquid
900 3318 929 3381 in
951 3340 1006 3381 suo
1024 3339 1077 3403 gc·

99 3433 204 3478 tenere
227 3411 298 3475 satis
320 3408 454 3493 effectum
478 3424 535 3488 cst,
556 3410 647 3473 velet.
693 3407 863 3491 Praecipua
889 3420 988 3469 tamen
1011 3404 1076 3487 ejus

135 3519 225 3581 opera
242 3504 370 3566 dervanus
386 3500 416 3560 in
432 3496 649 3579 exaggeranda
662 3495 846 3577 indignitate
861 3514 872 3569 ς
895 3507 925 3555 ct
946 3489 974 3550 in
994 3501 1077 3582 cete·

136 3582 175 3645 ris
190 3586 320 3647 altitudo
335 3584 483 3669 quaedam
499 3602 507 3659 3
531 3594 672 3659 pereocta
687 3580 717 3643 in
731 3576 937 3661 concipiendis
950 3572 1075 3632 vianne.-
