2459 4200
332 295 488 342 sanncra
505 293 656 350 cumeris
672 297 810 344 osrrrr.
996 287 1060 348 143

110 471 172 514 aon
185 447 356 525 videamus,
373 461 403 511 et
420 447 525 511 itinere
540 448 735 513 deerremus:
758 471 818 514 non
840 471 1059 537 consequemur

111 535 204 614 idem,
221 533 246 598 si
263 547 294 596 et
308 533 489 596 voluerimus
506 533 517 594 ἓ

154 620 226 684 Non
250 633 296 683 est
319 619 531 702 indulgendum
553 619 651 683 causis
666 619 812 684 desidiae·
858 620 937 686 Nam
954 623 980 687 si
998 644 1058 688 nnn

111 706 168 770 nisi
182 703 300 782 refecti,
318 725 378 767 non
394 703 449 766 nisi
465 703 584 783 hilares,
602 726 661 768 non
676 705 732 769 nisi
747 705 884 770 omnibus
899 708 963 772 aliis
978 709 1058 775 curis

91 805 266 868 avocantes,
276 789 455 853 studendum
466 789 748 870 existimaverimus,
759 813 880 876 semper
889 793 956 872 erit,
964 814 1058 892 prop-

113 892 162 941 ter
185 877 265 963 quod
288 875 375 938 nobis
401 875 600 958 ignoscamus.
650 875 754 948 Quare
777 877 806 940 in
827 879 1057 959 turba,it1nere,

114 961 261 1026 conviviis
272 961 361 1024 etiam
373 959 464 1023 faciat
479 960 534 1024 sibi
547 961 689 1046 cogitatio
701 962 766 1046 ipsa
777 978 938 1027 secretum.
973 964 1059 1038 Quid

114 1046 225 1132 alioqui
239 1047 303 1123 fiet,
321 1067 390 1108 cum
412 1045 441 1107 in
462 1046 562 1109 medio
577 1046 655 1124 foro,
672 1061 717 1111 tot
732 1048 990 1114 circumstantibus
1009 1049 1059 1136 ju·

115 1133 212 1210 diciis,
223 1131 341 1217 jurgiis,
352 1129 479 1194 fortuitis
495 1131 582 1194 etiam
598 1133 790 1212 clamoribus,
802 1135 857 1198 erit
872 1136 970 1199 subito
985 1158 1059 1199 con·

81 1218 194 1282 rotinua
210 1217 343 1280 oratione
359 1215 532 1294 dicendum,
549 1217 573 1280 si
594 1217 765 1300 particulas,
783 1239 857 1303 quas
875 1221 954 1284 ceris
976 1242 1060 1283 man·

115 1303 233 1380 damus,
244 1301 299 1365 nisi
311 1302 340 1364 in
355 1301 515 1364 solitudine
527 1301 659 1385 reperire
670 1323 730 1365 non
742 1324 901 1386 possumus
916 1305 928 1365 i
960 1305 1060 1388 Prop-

115 1402 163 1452 ter
177 1409 254 1473 quae
268 1387 349 1451 idem
363 1387 413 1450 ille
433 1400 529 1450 tantus
551 1400 666 1451 amator
687 1388 796 1451 secreti
819 1387 1059 1469 Demosthenes,

115 1473 144 1536 in
160 1473 261 1550 litore,
277 1473 307 1535 in
322 1473 403 1555 quod
419 1493 453 1535 se
468 1471 600 1536 maximo
616 1494 686 1535 cum
704 1493 781 1536 sono
796 1475 904 1540 fluctus
920 1475 1058 1555 illideret,

115 1559 275 1636 meditans,
289 1557 509 1622 consuescebat
529 1558 708 1622 concionum
729 1559 863 1625 fremitus
884 1583 944 1624 non
966 1583 1060 1647 expa-

82 1665 253 1709 rarescere.

161 1729 217 1793 Illa
233 1739 353 1815 quoque'
373 1729 485 1791 minora
506 1728 574 1812 (sed
594 1730 665 1793 nihil
682 1731 712 1792 in
732 1731 837 1794 studiis
858 1752 981 1814 parvum
997 1733 1057 1814 est)

115 1837 176 1879 non
199 1828 267 1878 suut
288 1814 476 1892 transeunda,
493 1814 583 1878 scribi
606 1837 626 1876 ο
648 1815 720 1878 time
741 1816 832 1892 ceris,
849 1815 1001 1897 inquibus
1019 1814 1062 1878 fa·

116 1902 232 1964 cillima
247 1913 292 1962 est
306 1900 378 1962 ratio
391 1899 509 1963 delendi
527 1920 534 1960 ε
557 1899 614 1962 nisi
626 1837 703 1962 fbrte
714 1899 796 1963 visus
811 1900 953 1963 infirmior
966 1921 1062 1964 mem-

114 1987 276 2050 branarum
301 1985 399 2069 potius
419 2007 506 2050 usum
530 1985 654 2070 exiget:
677 2007 753 2072 quae
773 1998 805 2049 ut
822 1985 928 2073 juvant
950 1985 1060 2067 aciem,

83 2073 158 2137 suita
175 2071 280 2135 crebra
294 2070 449 2149 relatione,
466 2073 567 2155 quoad
582 2071 760 2157 intinguntur
775 2071 894 2151 calami,
911 2088 1064 2139 morantur

117 2178 250 2235 manum,
268 2172 299 2221 et
314 2157 503 2241 cogitationis
522 2158 666 2242 impetum
681 2158 828 2242 frangunt.
876 2158 1063 2241 Relinquen-

119 2244 177 2308 dae
200 2257 299 2307 autem
321 2244 351 2305 in
373 2243 512 2306 utrolibet
534 2264 645 2325 genere
666 2257 771 2305 contra
789 2257 876 2306 erunt
890 2264 1003 2304 vacuae
1018 2256 1062 2305 ta·
1112 2259 1128 2273 ‘

119 2329 229 2407 bellae,
246 2330 275 2392 in
298 2329 405 2413 quibus
432 2329 526 2392 libera
548 2326 699 2413 adjicienti
724 2327 763 2390 sit
785 2326 937 2389 excursio.
983 2326 1064 2389 Nam

120 2416 238 2479 interim
249 2414 397 2499 pigritiam
409 2412 586 2494 emendandi
602 2411 753 2496 angustiae
765 2410 876 2474 faciunt
889 2431 898 2487 ;
921 2425 971 2473 aut
982 2425 1064 2475 certe

85 2521 266 2565 senovomm
289 2500 544 2584 interpositionem
567 2498 666 2583 priora
685 2496 876 2562 confundant.
924 2495 973 2561 Ne
991 2497 1064 2561 latas

120 2587 244 2671 quidem
265 2587 340 2649 ultra
361 2587 484 2649 modum
507 2606 575 2649 esse
596 2606 682 2649 ceras
697 2583 799 2662 velim,
816 2598 958 2669 expertus
976 2583 1065 2670 juve·

120 2692 192 2735 nem
217 2672 381 2735 studiosum
404 2671 514 2755 alioqui
536 2670 713 2755 praelongos
734 2670 874 2735 habuisse
897 2692 1064 2750 sermones,

120 2757 194 2841 quia
218 2758 283 2821 illos
310 2763 434 2821 numero
460 2778 599 2822 versuum
626 2756 817 2836 metiebatur,
833 2757 924 2843 idque
946 2758 1063 2837 vitium,

84 2862 86 2865 ·
121 2843 205 2927 quod
226 2842 373 2927 frequenti
396 2842 598 2907 admonitione
621 2844 729 2928 corrigi
752 2866 812 2907 non
833 2858 983 2928 potuerat,
1000 2866 1065 2906 mu·

88 2928 190 2992 utatis
205 2929 361 2993 codicibus
378 2950 445 2992 esse
465 2929 622 2992 sublatum.
669 2928 776 2991 Debet
790 2950 901 2991 vacare
917 2929 1008 2989 etiam
1022 2929 1066 2989 lo·

121 3034 188 3091 cus,
206 3014 312 3096 inquo
327 3027 475 3088 notentur,
493 3034 570 3093 quae
590 3012 789 3075 scribentibus
807 3011 905 3071 solent
920 3022 1004 3069 extra
1019 3030 1066 3069 or·

122 3098 237 3173 dinem,
254 3098 357 3169 idest,
376 3116 415 3157 ex
434 3094 511 3171 aliis,
530 3116 620 3177 quam
636 3094 686 3176 qui
705 3106 772 3154 sunt
792 3092 820 3153 in
842 3089 977 3152 manibus
992 3090 1065 3169 loci,

121 3200 295 3248 occurrere.
342 3178 515 3261 Irrumpunt
539 3179 618 3241 enim
640 3176 745 3264 optimi
767 3196 976 3259 nonnunquam
1000 3198 1069 3240 setr-

121 3286 187 3347 eue,
205 3276 281 3351 quos'
302 3286 399 3349 neque
411 3263 552 3327 inserere
574 3276 707 3348 oportet,
724 3282 822 3345 neque
837 3261 958 3327 differre
973 3276 1069 3328 tutum

89 3368 192 3419 esest:
216 3352 287 3437 quia
303 3352 419 3415 interim
436 3349 602 3429 elabuntur,
619 3348 738 3412 interim
759 3349 923 3413 memoriae
938 3373 1010 3415 suae
1026 3352 1069 3415 in-

123 3452 235 3517 tentos,
253 3438 291 3501 ab
317 3438 374 3502 alia
399 3435 570 3500 inventione
594 3436 768 3500 declinant:
799 3436 931 3522 ideoque
954 3438 1069 3523 optime

124 3524 401 3610 stmtindeposito.
454 3520 513 3605 [X.
528 3523 577 3602 3.]
