2459 4200
823 43 833 71 Ι

352 264 505 314 snuscrr
520 267 673 322 oonnarr
689 269 827 316 orrrrt.
1032 261 1072 324 tt

129 417 220 496 Nam,
239 418 266 484 si
283 419 476 498 morabimur,
493 441 553 484 non
567 421 632 506 jam
651 422 848 498 enumeratio,
863 423 919 488 sad
932 424 1019 508 quusi
1031 425 1076 493 tl·

129 519 192 569 tera
207 506 262 568 fiet
276 505 384 568 oratio.
421 504 512 576 Quae
524 521 623 570 autern
633 510 834 572 enumeranda
845 509 992 588 ridentur,
1003 533 1076 578 con

128 592 265 676 pondere
281 591 382 674 aliquo
398 591 525 656 dicenda
541 607 620 670 sunt,
636 607 668 656 et
681 593 760 678 aptis
774 595 936 658 excitanda
954 611 1074 662 senmu-

128 677 190 754 tiis,
207 692 236 740 et
252 678 355 760 ligaris
371 676 470 760 utique
486 677 648 741 varianda:
671 679 781 764 alioqui
795 679 865 744 nibil
880 695 927 744 est
941 681 1075 748 odiotitnt

108 777 214 826 rrcota
229 762 277 824 illa
291 762 481 846 repetitione,
497 763 579 827 velut
601 764 764 828 memoriae
782 764 921 849 judicum
937 766 1073 830 diffiden·

130 847 179 910 tis.
230 847 308 912 Sunt
324 861 424 910 autern
440 847 690 912 innumerabiles:
714 851 888 934 optimeque
902 851 933 914 in
947 850 1075 916 Verrem

127 931 257 1009 Cicero,
279 932 316 994 ui
327 942 416 1014 pater
429 933 491 1016 ipsc
501 935 670 1018 judicaret,
687 956 763 1018 qaue
778 935 903 1013 diceret,
918 957 987 999 cart
1000 937 1074 1000 horr

124 1018 361 1100 probarentur?
384 1032 414 1081 et
433 1019 541 1082 deinde
562 1019 691 1104 subjecit
712 1021 987 1084 enumerationem:
1009 1040 1072 1098 aut,

128 1123 200 1166 curn
222 1104 305 1166 idern
326 1104 355 1164 in
377 1105 517 1181 eundem,
532 1125 588 1186 per
602 1105 821 1168 invocationem
835 1107 960 1170 moram
980 1107 1073 1189 spoli·

9 1183 10 1206 ³
95 1198 182 1250 teoto
199 1209 219 1250 c
232 1199 367 1270 praetore
382 1191 492 1270 templo
508 1190 684 1252 dinumerat.

9 1269 10 1312 ἶ
175 1272 270 1335 Licet
285 1288 315 1336 et
329 1273 472 1349 dubitare,
490 1293 560 1335 num
576 1274 648 1356 quid
662 1295 717 1336 nos
731 1274 861 1356 sugerit:
884 1289 927 1350 et,
940 1274 1012 1356 quid
1027 1294 1074 1336 re·

127 1357 270 1442 sponsari
295 1358 353 1420 sint
374 1358 533 1421 adversarii
563 1359 608 1420 his
633 1371 664 1420 et
693 1359 959 1442 bistaut,quan1
987 1379 1074 1440 spent

125 1458 287 1507 accusator
317 1444 425 1507 habeat
444 1443 582 1506 omnibus
600 1443 639 1506 ita
662 1442 804 1508 defensis.
851 1443 908 1507 Illa
931 1464 1003 1508 reru
1022 1442 1073 1527 ju·

9 1587 11 1612 Ι
127 1529 323 1605 candissimo,
341 1528 365 1591 si
388 1527 538 1612 contingat
559 1529 680 1616 aliquod
702 1551 742 1592 ex
764 1528 937 1594 adversario
959 1530 1073 1594 ducere

9 1615 10 1648 Τ
95 1627 358 1697 rrargunrentum:
381 1628 425 1690 ut,
443 1613 467 1676 si
490 1613 585 1690 dicas,
603 1615 741 1697 Reliquit
760 1636 832 1677 acro
853 1616 934 1678 horte
953 1624 1073 1696 portem

128 1719 263 1776 cuasam
288 1714 349 1775 aut,
369 1698 493 1760 lusidio
510 1719 646 1782 premere
668 1700 803 1776 molarit3
825 1715 878 1764 aut
898 1699 951 1761 dd
969 1717 1074 1778 precer

128 1783 271 1867 conjugit
283 1807 293 1861 ,·
316 1794 343 1845 et
358 1784 475 1859 memte,
493 1804 560 1846 eom
575 1785 665 1846 sciret
679 1785 751 1845 hoec
766 1794 795 1844 et
808 1784 894 1844 boor.
934 1781 1001 1844 Sed
1014 1801 1074 1843 non
1180 1796 1186 1810 ·

129 1884 200 1932 sunt
221 1869 351 1952 singulae
374 1868 494 1952 species
517 1869 755 1951 persequendae,
772 1887 811 1930 ne
828 1865 892 1930 sola
905 1865 1072 1940 rideantur,

130 1973 210 2036 quae
224 1953 299 2017 sorte
314 1975 392 2017 nunc
409 1953 534 2016 dixero:
558 1975 627 2016 curn
650 1952 828 2016 occasiones
849 1966 881 2014 et
903 1973 945 2014 ex
960 1949 1071 2026 causis,

94 2052 161 2102 noct
187 2061 227 2102 ex
252 2040 339 2102 dictis
361 2038 609 2117 adversariorum,
627 2053 659 2101 et
684 2060 725 2101 ex
746 2037 924 2121 quibusdam
946 2035 1073 2101 fortuitis

129 2146 250 2210 quoque
265 2124 405 2187 oriantur.

172 2210 242 2273 Nec
258 2208 413 2273 reserenda
431 2208 523 2271 modo
546 2222 658 2284 nostra,
675 2209 730 2269 sed
752 2208 963 2289 postulandum
984 2205 1074 2267 etiarn

128 2296 168 2358 ab
183 2294 371 2371 adversariis,
385 2307 417 2357 ut
432 2294 470 2355 ad
486 2290 634 2375 quaedam
649 2292 860 2371 respondeant.
908 2289 946 2351 Id
961 2302 1082 2366 autem,

130 2380 155 2443 si
171 2395 201 2443 et
216 2379 341 2442 actionis
357 2376 505 2461 supererit
519 2375 616 2450 locus,
633 2389 665 2436 et
679 2395 716 2435 ea
731 2372 986 2457 proposuerimus,
997 2392 1075 2454 quae

93 2465 224 2529 surelelli
246 2486 305 2527 non
330 2476 463 2547 possunt.
510 2460 590 2524 Nam
603 2480 792 2542 provocare,
818 2478 896 2542 quae
920 2457 991 2521 inde
1017 2455 1075 2519 sint

128 2549 227 2627 fortia,
245 2571 304 2613 nun
320 2548 467 2631 arguentis
482 2560 540 2623 est,
558 2546 613 2609 sed
628 2544 786 2608 mouentis.

174 2635 326 2698 Idunum
349 2633 458 2717 epilogi
482 2652 575 2715 genus
598 2630 695 2693 visum
709 2647 757 2693 est
779 2629 929 2713 plerisque
951 2627 1074 2695 Attico·

131 2742 209 2798 rum,
227 2734 257 2783 et
280 2718 464 2803 pbilosophis
480 2717 543 2780 sere
566 2716 714 2793 omnibus,
731 2715 781 2798 qui
797 2716 836 2778 de
857 2730 921 2777 arte
943 2715 1074 2778 oratoria

131 2806 276 2890 scripturn
292 2804 402 2887 aliquid
417 2803 607 2886 reliquerunt.
642 2799 680 2864 Id
689 2802 821 2864 sensisse
833 2799 955 2863 Atticos
967 2801 1072 2875 credo,

96 2912 123 2951 so
132 2892 199 2975 quia
213 2890 343 2955 Athenis
355 2890 479 2952 affectus
496 2909 619 2951 movere
633 2886 724 2949 etiam
738 2907 792 2971 per
807 2906 990 2969 praeconem
1005 2905 1073 2967 pro·

131 2977 288 3041 hibebatur
303 2989 412 3038 orator.
454 2972 660 3055 Philosophus
674 2972 770 3033 minus
786 2970 890 3045 miror,
904 2970 983 3050 apud
998 2988 1074 3061 quos

130 3062 196 3125 vitii
218 3063 289 3123 loco
311 3074 369 3139 est,
386 3059 488 3123 affici:
519 3079 577 3121 neo
607 3055 678 3116 boni
701 3075 801 3115 mores
823 3052 972 3121 videntur,
990 3068 1075 3110 srca

132 3166 210 3208 vero
221 3144 354 3229 judicem
368 3145 462 3209 averti
476 3166 485 3205 r
507 3164 565 3204 nec
582 3136 743 3201 convenire
759 3136 838 3195 bono
854 3133 918 3193 viro
930 3131 1008 3194 vitiis
1020 3132 1072 3194 uti.

132 3228 332 3294 Necessarios
348 3246 447 3295 tamen
468 3229 596 3291 affectus
610 3220 791 3297 fatebuntur,
809 3218 834 3282 si
850 3217 935 3281 aliter
949 3218 1077 3284 obtineri

98 3338 215 3395 rovere,
241 3331 272 3380 et
289 3316 382 3403 justa,
407 3331 438 3379 et
460 3314 489 3376 in
511 3330 671 3374 commune
694 3305 847 3390 profutura
869 3307 1072 3391 nonpossint.

175 3404 322 3467 Ceterum
352 3402 423 3465 illud
447 3396 578 3463 constitit
600 3396 675 3457 iuter
699 3415 815 3471 omnes,
841 3394 932 3457 etiam
957 3394 985 3455 in
1010 3391 1075 3455 aliis

133 3490 266 3573 partibus
282 3487 422 3564 actionis,
440 3486 464 3549 si
480 3481 635 3566 multiplex
657 3502 747 3542 causa
770 3480 809 3544 sit
829 3495 860 3543 et
877 3477 1010 3563 pluribus
1029 3494 1075 3534 ar·

133 3575 279 3655 gumentis
311 3570 446 3651 defensa,
471 3569 581 3633 utiliter
607 3561 830 3636 &inuocantem
859 3564 923 3626 lieri
952 3558 1074 3621 solere:
