2459 4200
174 273 237 336 120
462 289 499 332 u.
518 287 614 332 mu
631 287 853 340 cucurreram

171 439 256 523 quit3
279 437 383 522 epicos
405 451 506 502 tamen
526 437 712 522 prsecipue:
735 437 876 500 videlicet
891 436 959 520 quia
979 431 1108 499 clarissi-

171 543 220 584 ma
234 522 264 583 in
279 523 403 586 materis
417 523 505 586 simili
519 523 706 606 cornparatio
721 535 778 584 est.

212 603 299 670 Raro
317 607 443 690 assurgit
460 607 623 684 Hesiodus,
640 627 804 690 magnaque
825 627 894 689 pars
916 605 980 690 ejus
1002 605 1032 668 in
1052 624 1108 668 no·

163 691 295 761 ,minibus
326 706 372 756 est
400 707 572 776 oecuputa3
599 705 700 754 tamen
729 691 815 773 utiles
840 691 922 753 circa
948 703 1108 774 praecepta

170 777 345 855 sententiae,
361 777 525 860 levitasque
547 776 707 839 verborum
733 790 764 838 et
785 775 1012 859 compositionis
1038 792 1132 857 pro-s

169 861 275 925 babilis
292 883 300 924 r
316 863 366 925 det
422 884 459 926 ue
474 861 504 924 ei
518 861 615 945 palme
631 861 661 922 in
675 861 725 922 illo
741 860 840 921 medio
855 858 1108 942 generedicendi.

212 947 329 1010 Contra
348 883 574 1009 iffludmcbo
594 946 640 1008 vis
658 958 689 1008 et
705 945 843 1028 gravitas,
860 957 891 1006 et
907 944 1030 1006 minime
1044 943 1109 1006 vul·

169 1051 238 1116 gare
262 1032 419 1116 eloquendi
442 1053 533 1115 genus
556 1031 649 1094 habet
668 1030 797 1092 leudem.
846 1027 911 1092 Sed
925 1028 1065 1111 quamvis
1079 1027 1111 1090 ei

169 1117 317 1180 secundas
343 1114 407 1179 sere
430 1115 704 1180 Grammaticorum
728 1134 893 1176 consensus
917 1111 1056 1186 deserst3
1077 1125 1111 1175 et

170 1201 340 1278 affectibus,
352 1215 383 1263 et
393 1200 591 1286 jucunditate,
603 1213 633 1262 et
645 1198 852 1282 dispositione,
864 1211 895 1260 et
909 1196 1030 1260 omnino
1045 1211 1110 1260 arte
1118 1215 1145 1255 rs

170 1285 319 1364 deficitur,
337 1300 368 1348 ut
389 1286 481 1370 plane
497 1284 655 1348 manifesto
669 1296 824 1368 appareat,
840 1295 951 1366 quanto
970 1283 1011 1346 sit
1029 1282 1109 1346 aliud

170 1372 341 1453 proximum
356 1393 436 1449 esse,
454 1372 531 1435 aliud
548 1371 722 1433 secundum.

214 1455 374 1538 Purpurio
398 1476 436 1517 ex
459 1470 587 1552 utroque
608 1453 733 1516 mixtum
754 1466 857 1535 putant
877 1453 907 1514 in
928 1453 1105 1535 eloquendo,

169 1538 358 1620 neutriusque
374 1559 503 1622 aequare
517 1552 639 1600 virtutes
656 1560 664 1600 ε
687 1537 811 1599 alterurn
826 1551 925 1600 tamen
940 1538 977 1600 ab
993 1559 1032 1600 eu
1045 1557 1108 1600 mn·

169 1621 255 1698 teria,
274 1622 398 1684 alterum
414 1621 590 1706 disponendi
605 1622 720 1684 ratione
734 1621 882 1705 superari.
1117 1643 1144 1686 ts

213 1704 400 1789 Apollonius
412 1707 442 1768 in
456 1706 590 1770 ordinem
611 1729 629 1769 a
648 1706 846 1790 grammaticis
862 1707 966 1769 datum
981 1727 1039 1768 non
1055 1727 1109 1769 re·

114 1789 120 1798 ’
169 1790 224 1869 nit,
241 1791 309 1875 quia
327 1790 520 1856 Aristarchus
539 1805 627 1876 utque
644 1791 874 1876 Aristophanes,
892 1796 1047 1875 poetam
1058 1789 1110 1875 ju·

170 1875 266 1954 dices,
282 1877 435 1941 uendnem
453 1878 499 1941 sui
520 1878 662 1962 temporis
684 1877 713 1939 in
733 1899 890 1940 numerum
906 1877 1108 1960 redegerrmt:

169 1980 229 2021 non
243 1974 345 2024 nmen
363 1962 618 2025 contumendmn
637 1962 730 2025 edidit
750 1984 830 2045 opus
850 1960 963 2044 aequali
979 1962 1110 2044 quadam

169 2043 387 2108 rnediocritste.
1114 2069 1143 2109 so

212 2128 306 2193 draci
328 2130 452 2193 materia
476 2143 560 2193 motu
581 2145 676 2208 caret,
692 2144 724 2193 ut
746 2130 849 2213 inqua
868 2130 946 2193 nulla
967 2132 1106 2209 varietus,

169 2215 267 2280 nullus
281 2216 419 2295 affectus,
436 2216 516 2279 nulla
536 2236 676 2301 persona,
693 2216 771 2278 nulla
791 2214 968 2300 cujusquam
984 2216 1022 2279 sit
1039 2238 1107 2281 ora·

169 2301 212 2365 rio
228 2322 235 2362 :
260 2302 368 2367 sufficit
384 2316 483 2365 tamen
498 2302 593 2387 operi,
610 2302 660 2365 cui
674 2323 708 2365 se
723 2322 824 2387 perenn
840 2301 976 2364 credidit.

214 2386 408 2452 Admirabilis
428 2388 458 2450 in
478 2406 657 2471 sucgerere
680 2386 869 2463 Theocritus,
886 2387 942 2449 sed
959 2408 1044 2449 musa
1058 2386 1108 2450 illa

169 2474 280 2535 rustica
308 2485 339 2535 et
367 2472 522 2555 pastoralis
553 2494 611 2535 non
637 2472 733 2535 forum
762 2471 866 2547 modo,
883 2493 988 2534 rerum
1011 2471 1142 2555 ipsemss

170 2557 259 2619 etism
274 2557 377 2617 urbem
393 2554 575 2618 reformidat.

214 2638 332 2701 Audire
346 2637 452 2701 videor
469 2639 598 2722 undique
616 2652 810 2720 congerentes
831 2637 949 2702 nomina
965 2640 1106 2723 plurimo·

169 2741 233 2783 rum
252 2725 418 2804 poetarum.
467 2721 579 2792 Quid?
625 2721 768 2784 Herculis
788 2736 855 2785 acta
875 2745 936 2786 non
958 2724 1035 2788 bene
1052 2726 1107 2787 Pi·

167 2804 326 2867 unat-ut
371 2803 484 2874 Quid?
528 2806 733 2869 Nicandrum
754 2806 862 2871 frustra
881 2808 978 2872 secuti
992 2810 1108 2873 Moror

168 2901 255 2973 atque
278 2889 459 2972 Vergiliru?
492 2889 605 2960 Quid?
649 2891 1080 2973 Eupmummrrmsibimus
1094 2895 1141 2960 ln

168 2991 259 3059 quem
271 2974 328 3039 nisi
342 2975 498 3060 probasset
510 2974 664 3060 Virgilius,
676 2977 756 3040 idem
772 3000 919 3063 nunquam
934 2993 1018 3042 certe
1032 3000 1106 3043 con·

65 3100 69 3110 .
169 3062 297 3138 dirorum
313 3060 495 3126 Chalcidico
507 3083 596 3126 versu
611 3063 774 3126 carminum
790 3062 912 3128 fecisset
930 3063 959 3126 in
981 3064 1105 3129 Bucoli-

167 3148 211 3211 cis
242 3148 433 3212 mentionem.
480 3146 592 3219 Quid?
637 3146 783 3212 Horatius
806 3147 912 3213 frustra
941 3150 1105 3235 Tyrtaeum

168 3228 308 3295 Homero
323 3233 500 3317 srrbjungit?

211 3312 280 3375 Nec
294 3336 367 3377 sane
377 3317 531 3399 quisquam
543 3332 590 3381 est
600 3333 660 3381 tam
676 3319 781 3401 procul
792 3340 809 3381 a
820 3318 990 3401 cognitione
1001 3338 1139 3383 eorumss

4 3406 11 3415 '
77 3388 80 3401 ι
167 3408 312 3473 remours,
329 3412 362 3459 ut
379 3420 438 3461 non
454 3400 583 3464 indicem
599 3416 682 3466 certe
697 3424 737 3465 ex
754 3402 936 3467 bibliotheca
953 3419 1104 3488 sumptum

166 3480 327 3548 transferre
339 3482 370 3543 in
383 3482 475 3546 libros
492 3506 562 3549 suos
578 3488 683 3573 possit.
730 3486 797 3551 Nec
813 3488 916 3571 ignoro
928 3489 1016 3573 igitur
1027 3510 1104 3573 quos

166 3582 296 3646 transeo,
307 3588 364 3631 nec
379 3566 480 3652 utique
495 3570 616 3651 damno,
628 3587 660 3635 ut
674 3573 725 3655 qui
739 3572 865 3637 dixerim
880 3595 949 3639 esse
963 3572 994 3637 in
1008 3576 1103 3639 onni-
