2459 4200
337 311 490 356 sanaem
507 311 656 365 unauna
674 308 810 354 eterra.
995 287 1065 358 161'

158 463 268 548 Neque
289 464 348 525 hoc
365 463 446 540 dico,
464 483 524 524 non
542 461 699 545 aliquando
714 461 754 523 de
767 461 855 524 rebus
876 483 893 524 a
914 461 1059 544 sagettia

114 551 226 613 oratori
258 569 326 611 esse
350 548 521 624 dicendum,
537 547 615 609 sicut
646 547 744 608 eidem
770 544 972 608 Demostheni
1003 566 1059 629 pro

116 635 342 718 Ctesiphonte:
367 631 447 716 quod
470 647 568 694 tamen
589 632 628 694 ita
644 631 826 706 emendavit,
843 645 876 692 ut
897 631 1059 694 necessita·

116 734 180 783 tem
196 720 225 782 id
241 717 369 780 faciendi
387 718 577 792 ostenderet,¹
587 716 787 797 invidiamque
807 736 927 777 omnem
946 715 974 776 in
990 735 1059 776 cum

7 849 11 854 -
66 833 69 836 ¹
96 817 279 888 sregereret,
298 803 347 886 qui
363 803 422 864 hoc
439 823 472 864 se
488 802 650 884 codgisset.
698 799 741 861 Et
762 798 809 860 M.
830 799 947 861 Tullius
968 819 1060 881 saepe

118 890 194 954 dicit
210 890 247 951 de
262 907 407 971 oppressa
430 886 635 970 conjuratione
649 885 799 949 Catilinae
815 905 824 959 3
847 884 902 946 sed
921 885 1012 945 modo
1029 883 1061 945 id

116 975 219 1038 virtuti
234 989 365 1048 senatus,
383 973 475 1033 modo
490 970 696 1054 providentiae
712 971 836 1032 deorum
854 968 1061 1030 immortalium

118 1059 260 1142 assignat.
308 1057 491 1139 Plerumque
514 1071 618 1118 contra
640 1055 777 1116 inimicos
798 1069 887 1137 atque
908 1054 1061 1116 obtrecta-

118 1153 200 1207 tore‘s
222 1143 288 1226 plus
303 1142 435 1204 vindicat
455 1141 521 1202 sibi.
566 1139 665 1202 (Erant
684 1139 763 1200 enim
784 1140 904 1213 tuenda,
922 1159 991 1200 cum
1006 1137 1061 1197 ob·

86 1229 290 1315 rejicerentur.
332 1223 366 1286 ln
383 1226 560 1287 carminibus
575 1225 686 1286 utinam
703 1223 900 1305 pepercisset,
912 1243 989 1303 quae
1003 1241 1061 1281 noo

82 1365 89 1377 „
121 1314 272 1377 desiemnt
288 1332 411 1394 carpere
427 1309 557 1392 maligni,

133 1491 136 1498 ¹
272 1431 369 1481 Cedant
380 1447 446 1480 arma
459 1439 540 1495 togae,
554 1427 674 1476 concedat
685 1426 768 1474 laurea
779 1425 876 1490 linguae
888 1437 898 1483 ς

103 1550 152 1614 ΙΘῐ

264 1637 298 1718 ΟΙ
308 1635 456 1686 fortunatam
467 1642 551 1684 natam
563 1647 603 1682 tna
614 1631 717 1681 consule
729 1631 837 1680 Romam
849 1642 858 1688 3

90 1755 165 1820 rtet,
176 1740 281 1806 Juvem
295 1739 397 1814 ilium,
410 1755 428 1797 u
441 1757 497 1819 quo
512 1736 547 1795 in
563 1735 726 1795 concilium
738 1733 862 1792 deorum
876 1729 1065 1790 advocates:

124 1833 166 1902 e't,
184 1826 373 1899 Minervam,
391 1841 465 1904 qnae
489 1830 566 1880 artes
588 1838 654 1878 eum
674 1817 801 1877 docuit:
824 1833 901 1897 quae
924 1812 979 1872 sibi
1002 1811 1072 1886 itte,

124 1925 248 1976 secutus
265 1909 408 1991 quaedam
425 1906 615 1968 Graecorum
631 1899 782 1982 exempla,
800 1896 984 1980 permiserat.

171 1995 286 2057 Verum
306 1990 491 2076 eloquentiae
512 2003 542 2051 ut
563 1988 705 2049 indecora
723 1983 861 2068 jactatio,
879 1981 918 2044 ita
933 2001 1067 2043 nonnun·

124 2102 215 2167 quam
239 2077 433 2142 concedenda
456 2074 563 2137 fiducia
587 2088 643 2136 est.
690 2070 768 2134 Nam
784 2069 849 2153 quis
868 2067 1069 2151 reprehendat

92 2166 228 2230 aohaec?
280 2163 364 2239 Quid
384 2160 516 2244 putem?
540 2154 844 2221 contemtionem?
888 2154 966 2214 Noa
981 2153 1068 2211 video

127 2272 180 2313 nec
204 2250 239 2313 in
261 2250 335 2325 uita,
360 2268 414 2308 nec
440 2247 475 2307 ire
497 2243 616 2325 gratia,
645 2262 699 2301 nec
721 2241 757 2299 in
777 2238 867 2298 rebus
885 2235 989 2315 gestia,
1013 2250 1071 2291 nce

127 2336 163 2399 in
185 2336 242 2397 itoc
261 2355 326 2395 meu
346 2330 550 2393 mediocritate
571 2325 702 2406 ingenii,
720 2323 794 2405 quid
810 2318 959 2398 despicere
977 2316 1071 2395 poscit

130 2420 293 2483 Antonius.
340 2416 383 2478 Et
398 2414 497 2499 paullo
513 2424 582 2495 post
597 2408 727 2491 apertius
744 2426 751 2465 :
776 2403 829 2464 tin
844 2403 995 2462 decertare
1010 2418 1071 2459 me

130 2526 198 2567 eum
218 2505 314 2567 uoluit
337 2500 520 2563 contentione
536 2492 690 2557 dicendi?
738 2491 805 2551 Hoc
822 2486 941 2569 quidem
964 2480 1072 2565 benefi-

95 2591 212 2658 ascinm
227 2599 277 2651 est.
307 2650 309 2653 ,
332 2587 416 2661 Quid
432 2586 512 2647 enim
525 2582 658 2663 plenius,
671 2576 745 2661 quid
760 2566 893 2648 uberius,
911 2589 1000 2653 quom
1015 2568 1072 2631 mi·

132 2677 177 2751 lsi,
196 2685 221 2736 et
233 2696 290 2757 pro
305 2693 362 2749 nee,
380 2680 407 2732 et
423 2678 526 2732 contro
543 2665 712 2728 Antonium
727 2662 827 2721 dicere
842 2656 858 2719 i

179 2753 361 2842 Arrogantes
377 2770 406 2817 et
423 2756 474 2832 illi,
491 2752 540 2836 qui
558 2774 590 2815 se
606 2749 761 2837 judicasse
775 2746 814 2806 de
829 2762 931 2818 causa,
947 2762 1005 2803 nec
1019 2739 1073 2801 ali·
1104 2748 1108 2752 “

132 2858 179 2909 ter
200 2845 342 2905 affuturos
362 2841 452 2904 luisse
474 2852 652 2923 proponunt·
695 2832 777 2903 ,Nam
800 2844 831 2891 et
853 2828 935 2919 inriti
953 2826 1074 2909 judices

133 2930 254 2994 audiunt
280 2941 519 3011 praesumentem
546 2936 645 3005 partes
676 2936 769 2979 suas:
792 2934 849 2974 nec
879 2907 1075 2980 hocgoratori

100 3015 307 3093 socontingere
323 3012 398 3071 inter
413 3006 610 3078 adversarios,
622 3001 702 3081 quod
719 2997 911 3075 Pythagorae
926 2992 1001 3081 inter
1016 2990 1078 3049 dia-¹

134 3098 268 3181 ciputos,
285 3106 396 3174 potest,
416 3092 481 3169 lpse
497 3088 583 3146 dicit.
635 3081 700 3143 Sed
724 3077 802 3137 istud
828 3071 920 3149 magis
942 3088 1077 3129 mrnusve

131 3182 275 3247 vitiosum
291 3188 336 3237 est
351 3195 404 3258 pro
426 3169 559 3254 personis
576 3162 768 3255 dicentium
795 3152 978 3217 Delendrtur
998 3149 1078 3212 enim

136 3267 320 3347 aliquatenus
350 3272 459 3331 aetate,
482 3252 635 3335 dignitate,
657 3255 855 3309 auctoritate:
879 3259 955 3322 quae
977 3250 1078 3300 tamen

105 3377 107 3385 ·
136 3352 190 3415 vix
206 3349 235 3409 in
251 3346 310 3409 ullo
331 3358 410 3408 tanta
425 3338 543 3415 luerint,
561 3351 670 3399 utnon
690 3332 749 3393 hoc
769 3324 971 3391 affirmationis
986 3344 1079 3407 genus

105 3432 364 3517 ulemperandum
394 3428 431 3491 sit
461 3424 556 3505 aliqua
584 3416 799 3489 moderatione,
821 3412 901 3475 sicut
922 3410 1032 3486 omnia,
1048 3409 1080 3470 in

140 3520 246 3605 'quibus
265 3531 404 3601 patronus
425 3522 627 3594 argumentum
650 3526 690 3567 ex
710 3501 830 3585 seipso
852 3512 953 3584 petet.v
992 3492 1080 3587 Fuis-

135 3619 181 3669 set
193 3603 344 3680 tumidius,
357 3601 381 3663 si
398 3596 605 3681 accipiendum
622 3588 753 3655 criminis
768 3588 841 3650 loco
855 3589 995 3663 negasset
1004 3574 1079 3637 0¹0·
1180 3668 1186 3673 ι

376 3687 436 3747 14*
