2459 4200
148 273 210 338 tto
432 287 470 336 rt.
490 287 584 332 rann
604 286 828 340 onrrrrnrrin

145 437 340 506 absumendus
354 461 426 502 usus
447 437 611 523 paullatim,
628 453 661 502 ut
676 460 775 523 pauca
788 439 916 524 primum
931 441 1086 524 complec-

145 541 239 590 tamur
260 525 371 603 auimo,
388 545 465 608 quae
480 525 565 588 reddi
580 524 709 588 fideliter
726 525 862 609 possint:
886 546 959 588 mox
973 547 1028 610 per
1042 527 1086 589 in·

144 625 296 676 crementa
314 624 374 674 tam
397 611 530 687 modica,
548 623 580 672 ut
594 609 710 672 onerari
728 631 762 673 se
782 611 867 673 labor
881 611 930 673 ille
944 633 1003 672 non
1018 633 1086 674 sen·

143 696 208 773 tiat,
225 695 360 778 augenda
375 695 433 773 vis,
452 710 482 758 et
497 695 711 759 exercitatione
726 696 817 758 multa
833 696 1013 760 continenda
1028 711 1085 776 est,

144 801 220 864 quae
236 781 357 864 quidem
379 781 508 844 maxima
524 802 563 844 ex
579 794 664 864 parte
681 781 827 844 memoria
841 795 981 844 constat:
1004 782 1109 844 ideo-s

144 886 202 950 que
219 867 315 950 aliqua
330 866 400 928 mihi
416 866 446 928 in
461 867 542 930 illum
556 867 657 930 locum
673 867 838 929 differenda
853 881 930 929 sunt.
978 866 1030 929 Eo
1043 881 1087 932 ta·

144 971 213 1014 men
235 952 381 1035 pervenit,
398 965 431 1014 ut
453 951 490 1028 is,
508 951 556 1014 cui
578 973 639 1014 uon
660 950 822 1036 refragetur
842 951 1003 1034 ingenium,
1022 953 1088 1014 acri

144 1036 243 1100 studio
266 1035 383 1121 adjutus
406 1050 519 1098 tautum
539 1051 751 1120 consequatur,
768 1052 801 1100 ut
820 1037 848 1099 ei
863 1051 924 1099 tarn
939 1057 1016 1120 quae
1031 1058 1086 1100 co·

144 1120 250 1204 gitarit,
264 1142 353 1204 quam
368 1142 444 1204 quae
460 1122 613 1206 scripserit
628 1135 717 1206 atque
733 1121 899 1198 edidicerit,
912 1122 942 1183 in
956 1122 1088 1184 diceudo

143 1205 234 1268 fidem
255 1221 384 1270 servent.
433 1206 547 1271 Cicero
564 1222 647 1271 certe
663 1208 853 1271 Graecorum
875 1206 1087 1270 Metrodorum
1095 1224 1123 1265 ro

148 1290 309 1376 Scepsium
328 1305 359 1356 et
379 1290 545 1376 Empylum
568 1291 736 1372 Rhodium,
753 1308 981 1376 nostrorumque
1004 1291 1088 1355 Hor·

142 1377 272 1440 tensium
288 1377 418 1454 tradidit,
435 1400 512 1460 quae
528 1379 744 1461 cogitaverant,
760 1378 799 1441 ad
815 1378 939 1440 verbum
956 1378 985 1439 in
998 1398 1087 1460 agen-

89 1481 92 1490 ·
140 1460 185 1522 do
201 1462 346 1524 retulisse.

104 1609 106 1614 ,
190 1545 252 1607 Sed
274 1546 298 1606 si
317 1545 394 1608 forte
415 1543 519 1628 aliquis
541 1547 618 1609 inter
632 1548 798 1611 dicendum
812 1548 957 1611 effulserit
970 1560 1087 1610 extem·

142 1628 252 1710 poralis
268 1628 364 1706 color,
381 1651 441 1692 uon
463 1631 668 1714 superstitiose
687 1633 824 1714 cogitatis
839 1634 959 1696 demum
978 1648 1024 1694 est
1042 1632 1123 1694 inus

142 1711 335 1776 haerendum.
383 1714 490 1797 Neque
507 1716 586 1780 enim
605 1730 719 1781 tautum
735 1719 846 1780 habeut
861 1739 964 1795 curae,
980 1731 1087 1780 utnon

144 1795 310 1862 sit‘dandus
332 1813 362 1864 et
377 1798 510 1864 fortunae
533 1800 630 1880 locus,
648 1823 718 1864 cum
740 1824 832 1887 saepe
855 1803 945 1875 etiam
966 1803 1087 1886 scriptis
1171 1879 1176 1884 ‚

145 1903 192 1960 ea,
210 1903 286 1966 quae
309 1886 407 1949 subito
431 1899 497 1950 nata
519 1901 598 1963 sunt,
616 1888 790 1952 inserantur.
827 1887 975 1970 ‚Ideoque
989 1902 1088 1971 totum
1166 1939 1171 1946 .

144 1967 202 2028 hoc
219 1969 440 2032 exercitationis
461 1992 554 2052 genus
577 1972 618 2034 ita
641 1973 860 2036 instituendum*
874 1987 932 2050 eat,
949 1987 981 2036 ut
996 1987 1027 2035 et
1042 1972 1087 2035 di·

129 2065 132 2067 ·
138 2050 225 2133 gredi
242 2072 280 2113 ex
297 2073 346 2127 en,
365 2067 394 2115 et
411 2055 527 2137 regredi
546 2056 576 2118 in
598 2057 629 2120 id
644 2055 732 2121 facile
751 2059 914 2141 possimus.
961 2057 1038 2121 Nam
1051 2072 1121 2121 utar

141 2134 269 2219 primum
297 2151 354 2215 est,
372 2139 463 2202 domo
486 2140 578 2203 affere
605 2157 738 2225 paratam
762 2143 882 2207 dicendi
904 2144 1037 2228 copiam,
1054 2158 1087 2206 et

143 2234 279 2285 certam:
303 2222 344 2287 ita
366 2224 494 2289 restitere
521 2228 664 2311 temporis
689 2250 811 2292 munera
834 2230 924 2312 longe
948 2228 1086 2292 stultissi-

140 2327 225 2373 mum
240 2322 295 2373 est.
343 2309 447 2381 Quare
463 2313 605 2394 cogitatio
629 2313 658 2376 in
681 2315 739 2378 hoc
763 2329 965 2399 praeparetur,
982 2328 1015 2377 ut
1028 2334 1085 2377 nos

142 2390 260 2458 fortuna
276 2394 417 2479 decipere
433 2420 491 2461 nou
507 2400 613 2481 possit,
632 2399 774 2485 adjuvare
791 2401 894 2484 possit.

186 2478 224 2541 Id
246 2495 343 2543 autern
366 2482 418 2545 liet
444 2484 606 2547 memoriae
628 2484 751 2563 viribus,
767 2499 801 2547 ut
821 2485 880 2561 illa,
898 2506 976 2569 quae
998 2493 1122 2547 com-as

142 2563 225 2645 plexi
240 2564 338 2625 auimo
359 2586 472 2641 sumus,
491 2566 582 2630 fluant
602 2591 719 2646 secura,
736 2591 797 2631 non
816 2571 960 2633 sollicitos
976 2584 1007 2632 et
1020 2591 1083 2633 res·

141 2646 299 2727 picientes,
318 2660 347 2707 et
369 2668 426 2710 uua
453 2670 507 2729 spe
535 2674 695 2735 suspensos
717 2655 945 2731 recordationis,
962 2677 1022 2717 non
1044 2655 1083 2717 si·

141 2742 210 2790 naut
227 2730 410 2811 providere:
435 2732 543 2812 alioqui
560 2738 607 2797 vel
629 2740 862 2820 extemporalem
884 2740 1085 2814 temeritatem

142 2811 232 2887 malo,
250 2832 340 2893 quam
369 2814 447 2875 male
475 2816 685 2881 cohaerentem
716 2822 938 2901 cogitationem.
986 2822 1084 2905 Pejus

142 2896 221 2959 enim
235 2895 384 2977 quaeritur
399 2911 556 2976 retrorsus,
573 2901 729 2982 quiedam
748 2904 1025 2981 ittatdesideramus,
1043 2908 1083 2969 ab
1093 2931 1122 2972 aa

138 2980 205 3044 aliis
222 2981 401 3045 avertimur:
426 2997 456 3047 et
471 3004 509 3045 ex
526 2986 669 3049 memoria
688 2988 786 3071 potius
801 2990 975 3073 repetimus,
993 3011 1083 3073 quam

138 3088 185 3131 ex·
204 3068 337 3133 materia.
385 3068 475 3135 Plura
498 3084 564 3134 sunt
590 3084 701 3151 autem,
719 3074 744 3136 si
765 3088 922 3159 utrumque
937 3080 1080 3159 quaeren-

139 3153 214 3215 dum
228 3168 285 3230 est,
298 3176 375 3239 quae
390 3156 512 3222 inveniri
528 3172 663 3241 possunt,
677 3180 767 3242 quam
778 3182 854 3243 quae
869 3162 987 3226 inventa
1001 3176 1078 3226 sunt.

142 3234 204 3314 m·
225 3240 274 3317 aa
