2459 4200
358 287 512 334 sennem
529 285 681 342 euenere
698 289 835 336 caetra.
995 293 1000 301 ·
1039 279 1081 342 87

136 459 209 502 vero
224 449 386 502 contentus
403 453 457 502 est.
508 439 571 506 Sed
594 440 766 524 ignoscitur,
783 442 852 527 quie
871 465 932 508 non
954 445 1082 510 affirma·

133 545 209 588 mus.
262 522 347 586 Tum
363 538 409 586 est
427 525 586 608 hyperbole
602 526 706 605 virtus,
724 549 794 590 cum
811 550 860 592 res
875 529 952 613 ipsa,
969 531 1081 616 deque

132 609 317 692 loquendum
335 622 392 687 est,
409 611 571 673 naturalem
594 611 717 674 modum
737 613 879 676 excessit.
926 613 1082 680 Concedi-

133 707 181 757 tur
207 693 288 757 enim
309 693 436 777 amplius
460 695 575 773 dicere,
600 695 669 779 quia
692 697 765 774 dici,
783 711 924 781 quantum
947 715 1005 778 est,
1021 722 1081 766 uon

110 791 258 863 epotest:
281 778 445 862 meliusque
468 780 554 857 ultra,
572 803 662 865 quam
684 781 966 860 rememoratio.
1017 783 1082 850 Sed

24 871 31 890 ‘
137 864 177 926 dc
198 864 256 926 hoc
279 864 361 944 satis,
378 863 447 947 quia
469 866 598 929 eundem
620 867 722 930 locum
744 867 859 952 plenius
882 869 912 931 in
933 889 973 931 eo
992 868 1080 948 libro,

133 969 195 1034 quo
211 969 320 1012 caueae
336 961 494 1033 corruptae
512 952 694 1035 eloquentiae
713 953 924 1032 reddebamus,
942 954 1081 1019 uactrwi·

133 1055 210 1098 mus.
264 1031 379 1116 [VIII.
399 1038 446 1114 6.]

510 1259 686 1270 uano—n*—

464 1403 606 1464 CAPUT
625 1403 685 1462 XV
687 1403 728 1464 ll.

450 1585 496 1624 Dr.
509 1587 744 1628 GOMPOSlTIONll.

176 1721 236 1786 Da
250 1721 460 1805 compositione
476 1745 535 1786 non
551 1725 691 1808 equidem
707 1741 777 1810 post
793 1724 839 1788 Μ.
856 1725 992 1789 Tullium
1007 1725 1080 1789 scri·

98 1807 207 1875 rubere
223 1809 377 1886 auderem,
400 1808 462 1891 (cui
477 1809 581 1872 nescio
597 1831 634 1872 an
649 1811 726 1872 nulla
743 1832 812 1894 pars
828 1810 928 1894 operis
943 1810 1029 1894 hujus
1044 1809 1081 1874 sit

136 1893 231 1978 magis
248 1893 424 1977 elaborata,)
438 1894 494 1956 nisi
510 1909 540 1956 et
555 1893 690 1979 ejusdem
706 1893 811 1958 aetatis
826 1893 973 1971 homines,
986 1894 1079 1979 scrip·

136 1978 174 2041 tis
199 1979 238 2042 ad
261 1978 357 2064 ipsum
381 1981 470 2042 etiam
495 1979 835 2064 literis,ieprebendere
858 1979 887 2043 id
911 1980 1080 2047 collocandi

134 2084 226 2147 genus
248 2065 311 2128 ausi
327 2064 461 2143 luissent,
480 2080 510 2129 et
533 2080 600 2151 post
623 2087 691 2129 eum
714 2067 813 2152 plures
835 2066 927 2131 multa
948 2067 987 2131 ad
1009 2089 1079 2132 een

135 2150 204 2213 dem
218 2172 284 2213 rem
300 2150 475 2235 pertinentia
491 2152 653 2215 memoriae
668 2153 867 2217 tradidissent.
905 2152 1012 2235 Itaque
1029 2175 1079 2215 ac·

100 2232 242 2299 recedam
258 2235 288 2300 in
303 2236 455 2319 plerisque
470 2237 627 2313 Ciceroni,
644 2251 733 2318 atque
753 2238 783 2298 in
805 2237 841 2299 iis
863 2257 928 2312 ero,
945 2256 1022 2379 quae
1035 2235 1079 2298 in·

136 2320 267 2384 dubitata
290 2335 368 2398 sunt,
386 2318 527 2384 brevior:
551 2321 580 2382 iu
601 2320 778 2403 quibusdam
800 2318 931 2402 paullum
965 2332 1080 2382 ortasse

136 2404 320 2469 dissentiam.
376 2405 456 2469 Nam
479 2407 568 2470 etiam
597 2426 667 2467 cum
682 2403 833 2503 judicium
855 2422 957 2465 meum
978 2416 1079 2466 osten·

136 2491 220 2568 dero,
239 2514 325 2555 suum
341 2507 440 2555 tamen
456 2491 622 2577 legentibus
637 2488 809 2573 relinquam.

178 2574 287 2661 Neque
303 2576 407 2660 ignoro
422 2579 567 2659 quosdam
583 2598 662 2654 esse,
676 2574 726 2660 qui
741 2597 843 2639 euram
859 2594 981 2637 omnem
995 2594 1079 2639 com-

99 2661 291 2746 mpusitionis
316 2662 489 2739 excludant,
507 2676 595 2746 atque
619 2661 700 2725 illum
722 2661 873 2725 borridum
896 2682 1078 2741 sermonem,
1112 2733 1115 2738 Α

137 2760 168 2810 ut
190 2745 266 2809 sorte
292 2747 423 2824 fluxerit,
444 2748 535 2811 tnodo
561 2748 653 2831 magis
681 2747 854 2823 naturalem,
872 2746 964 2810 modo
988 2747 1079 2812 etiam

135 2832 229 2917 magis
244 2832 360 2896 virilem
382 2854 450 2896 esse
469 2834 660 2896 contendant.
707 2832 772 2903 Qui
790 2833 815 2896 si
833 2832 864 2896 id
879 2833 1001 2896 demum
1015 2846 1079 2894 nat·

135 2918 216 2981 drale
233 2938 302 2981 esse
318 2920 431 2996 dicunt,
450 2919 530 3003 qnod
549 2940 565 2982 a
584 2934 686 2982 natura
708 2919 834 3002 primum
856 2931 954 2980 ortum
974 2930 1032 2991 est,
1050 2928 1080 2977 et

5 3046 6 3049 =
155 3004 223 3065 uele
238 3019 306 3067 ante
321 3005 434 3067 cultum
449 3004 514 3083 luit,
532 3018 594 3067 tota
609 3005 685 3066 baec
701 3024 748 3064 ars
764 3002 868 3062 orandi
885 2999 1077 3061 subvertitur.

98 3022 246 3169 nulleque
261 3089 339 3151 enim
354 3089 445 3153 locuti
468 3103 535 3153 sunt
553 3088 590 3149 ad
611 3087 687 3147 hanc
706 3085 837 3165 regulam
852 3095 883 3143 et
898 3079 1080 3159 diligentiam

136 3170 227 3255 primi
242 3172 386 3258 homines,
405 3196 461 3238 nec
477 3171 639 3259 prooemiis
656 3186 845 3253 praeparare,
857 3165 970 3226 docere
984 3182 1080 3249 expo·

134 3256 255 3333 sitione,
274 3261 451 3342 argumentis
467 3258 607 3344 probare,
621 3252 777 3319 affectibus
793 3268 986 3314 commovere
1001 3250 1079 3317 scie·

133 3356 211 3406 runt.
261 3341 344 3428 Ergo
359 3346 404 3409 his
420 3345 569 3421 omnibus,
587 3364 646 3405 non
661 3340 725 3405 sola
740 3336 961 3423 compositione
975 3359 1080 3402 carue·

135 3442 222 3491 runt:
246 3448 373 3513 quorum
397 3431 422 3494 si
445 3430 507 3493 fieri
530 3427 601 3489 nihil
624 3426 729 3489 melius
750 3424 872 3504 licebat,
888 3446 926 3487 ne
941 3424 1080 3487 domibus

100 3514 256 3597 mquidem
272 3536 372 3593 casas,
390 3529 439 3579 aut
454 3512 586 3577 vestibus
602 3512 722 3595 pellium
737 3512 878 3595 tegmina,
895 3522 945 3573 aut
959 3506 1080 3568 urbibus

136 3612 252 3664 montes
268 3622 306 3663 ae
322 3600 419 3663 silvas·
435 3598 540 3663 mutari
556 3597 697 3683 oportuit.
744 3596 836 3668 Quae
851 3612 941 3679 porro
956 3606 1004 3648 m
1018 3599 1079 3649 m·
