2459 4200
351 272 504 320 teuscus
523 275 673 330 uenusto
689 275 827 322 csrrrs.
1032 265 1077 328 78

63 491 67 510 ,
176 421 362 512 Incipiamus
377 426 464 510 igitur
478 429 516 490 sb
532 447 581 504 eo,
593 427 644 512 qui
660 447 731 492 curu
748 427 1003 512 frequentissimus
1017 447 1077 512 est,

131 527 194 577 tum
205 514 294 597 longe
307 513 536 597 pulcherrimus,
547 515 745 578 cosmum
754 515 838 594 dico,
848 535 925 600 quse
935 526 1081 597 unane

131 599 256 663 Graece
272 611 407 662 vocatur.
962 626 967 632 ·

176 684 267 756 Quae
282 684 404 767 quidem
425 705 495 748 cum
511 684 551 750 its
566 699 612 750 est
626 685 664 750 eb
678 684 742 770 ipss
761 685 848 748 uobis
863 706 1011 752 concesse
1024 709 1076 754 uu-

107 785 210 848 sture,
227 785 258 833 ut
279 771 394 834 indocti
416 791 536 854 quoque
558 791 594 834 sc
613 771 677 834 'uon
699 772 861 836 sentientes
883 793 920 835 es
940 771 1078 856 frequen·

133 870 182 920 ter
208 869 347 922 utentur:
371 869 433 920 tum
457 856 497 918 ite
519 855 655 940 jucunda
677 870 767 938 utque
790 857 895 934 nitide,
912 872 944 920 ut
963 858 993 922 iu
1012 879 1078 922 ors·

132 942 226 1019 tione,
249 940 412 1026 quamlibet
437 941 529 1019 clara,
555 941 679 1025 proprio
693 956 793 1005 tamen
817 943 927 1005 lumine
947 943 1073 1008 elucent.

131 1025 242 1111 Neque
259 1027 339 1090 euim
353 1025 481 1110 vulgaris
500 1049 580 1105 esse,
596 1048 694 1112 neque
712 1027 842 1105 humilis,
858 1049 915 1092 uec
935 1027 1077 1108 insuavis,

56 1159 59 1166 -
132 1126 217 1176 recte
241 1112 334 1175 modo
357 1112 461 1190 ascita,
478 1126 587 1196 potest.
635 1112 767 1196 Copiaru
790 1134 908 1196 quoque
930 1114 1078 1178 sermonis

58 1255 62 1264 .
96 1210 223 1280 scauget
244 1197 443 1280 permittendo
465 1198 603 1274 mutuari,
614 1217 692 1280 quae
715 1219 776 1260 uou
800 1198 913 1260 babet:
935 1200 1078 1280 quodque

131 1281 339 1434 ctiiitlicillimum
360 1297 417 1360 est,
436 1296 578 1366 praestat,
597 1303 636 1346 ue
657 1281 707 1346 ulii
725 1281 769 1344 rei
787 1303 897 1346 nomeu
911 1282 1019 1344 deesse
1036 1282 1080 1344 ci·

156 1381 250 1432 eatur.

177 1447 372 1518 Transfertur
393 1457 464 1536 ergo
484 1473 594 1516 nomeu
616 1465 667 1514 out
686 1449 810 1514 verbum
832 1472 872 1514 ex
890 1474 929 1515 eo
947 1451 1078 1530 loco,iu

131 1559 193 1622 quo
212 1537 367 1623 proprium
389 1552 446 1615 est,
463 1537 492 1599 in
515 1559 595 1615 eum,
611 1536 717 1624 inquo
739 1550 790 1599 sut
811 1536 963 1621 proprium
979 1537 1076 1615 deest,

99 1623 364 1687 rsuuttrauslstum
375 1623 496 1707 proprio
511 1619 615 1686 melius
632 1637 689 1686 est.
736 1621 775 1684 Id
790 1620 927 1701 facimus,
943 1638 995 1687 sut
1007 1623 1079 1720 quis

133 1729 249 1772 meme
273 1721 330 1785 est,
358 1723 409 1771 aut
431 1709 499 1791 quia
520 1706 748 1792 significantius
773 1721 830 1783 est,
854 1723 905 1770 aut
930 1709 976 1789 (ut
997 1707 1075 1789 dixi)

154 1794 203 1858 uie
215 1794 378 1857 decentius.
419 1792 483 1855 Ubi
498 1793 568 1856 nihil
583 1791 690 1855 horum
706 1791 876 1876 praestabit,
888 1792 969 1872 quod
984 1804 1078 1854 uuus·

133 1816 258 1955 iteretur,
274 1875 468 1962 improprium
488 1878 554 1940 erit.
601 1877 790 1939 Necessitate
808 1874 911 1937 rustici
928 1894 1079 1956 gemmam

135 1961 166 2026 iu
181 1962 299 2040 vitibus,
321 1963 332 2046 (
357 1963 406 2026 uid
421 1963 500 2026 euim
516 1963 650 2024 dicerent
665 1961 744 2025 aliud
759 1961 785 2043 ?)
812 1974 843 2023 et
857 1961 940 2022 sitire
955 1970 1077 2044 segetes,

99 2062 165 2113 sset
172 2043 298 2132 fructus
314 1985 462 2111 laborare.
509 2045 700 2113 Necessitate
719 2068 776 2110 uos
790 2046 902 2110 durum
916 2047 1077 2125 bominem,

135 2150 185 2203 aut
199 2155 350 2217 asperum.
396 2132 467 2197 Non
486 2134 564 2197 enim
583 2134 735 2217 proprium
751 2147 826 2210 erat,
843 2133 923 2216 quod
940 2134 1079 2195 daremus

135 2220 180 2283 his
209 2220 381 2296 effectibus,
411 2240 530 2282 nornen.
587 2217 673 2293 Jam‚
697 2218 853 2278 incessum
874 2218 949 2280 irc:
976 2229 1007 2277 et
1030 2216 1079 2276 io·

135 2304 331 2388 flumem
348 2305 540 2386 cupiditate:
562 2316 605 2365 et·
613 2304 733 2381 tapsum
751 2319 865 2374 errore,
880 2296 1082 2380 significandi

134 2391 239 2473 grstia.
286 2387 368 2452 Nihil
386 2390 465 2453 enim
483 2390 590 2451 borum
605 2385 671 2448 'suis
686 2382 798 2460 verbis,
814 2403 903 2465 quem
918 2381 964 2444 bis
978 2402 1080 2445 arces·

57 2492 61 2505 ¹
101 2477 211 2553 sssitis,
238 2475 333 2557 magis
359 2474 512 2558 proprium
537 2486 610 2535 erat.
658 2468 715 2533 Ilio
738 2469 778 2531 sd
802 2478 954 2545 moos,
981 2469 1082 2531 tome·

134 2560 296 2637 erutiouis,
307 2574 338 2621 et
350 2560 472 2641 generis
487 2559 668 2634 claritatem,
680 2570 712 2619 et
726 2555 904 2618 concionum
916 2552 1080 2636 procellos,

131 2646 363 2729 etcloqccutioe
371 2641 533 2725 submisso:
549 2657 580 2707 ut
592 2642 706 2705 Cicero
721 2662 776 2725 pro
792 2638 921 2729 Milone,
936 2640 1081 2704 Clodium

134 2728 253 2813 sontem
266 2731 386 2813 gloriae
400 2730 465 2812 ejus
480 2744 581 2805 vocat,
593 2743 624 2792 et
638 2728 698 2791 alio
712 2727 783 2789 ioco
797 2737 923 2809 tegetem
937 2748 974 2790 oc
989 2736 1080 2789 mute·

132 2818 222 2879 stem.
271 2816 435 2887 Quaedam
445 2815 547 2893 etism,
559 2834 662 2899 purum
678 2813 816 2897 speciosa
827 2813 922 2889 dictu,
939 2834 993 2895 per
1003 2813 1082 2875 bunc

103 2902 337 2987 susspiiceutuu

305 3038 363 3087 Hoc
375 3037 476 3096 sooiuut,
488 3036 563 3087 nimio
576 3052 607 3084 ne
620 3035 679 3082 luxu
691 3034 800 3082 obtusior
813 3048 872 3079 usus
961 3035 966 3049 “

305 3104 343 3153 Sit
354 3104 453 3170 genitali
464 3120 535 3162 urvo,
548 3112 572 3151 et
583 3102 665 3149 sulcos
676 3100 778 3147 oblimet
789 3097 886 3143 inertes.

131 3234 178 3299 .Itr
202 3248 296 3303 totum
317 3251 416 3301 autem
443 3234 618 3318 ruetupbora
640 3229 760 3293 brevior
779 3225 964 3291 similitudo:
986 3247 1084 3312 eoque

137 3323 239 3400 distat,
258 3323 338 3405 quod
361 3322 408 3385 ille
430 3333 619 3403 comparatur
643 3316 697 3391 rei,
715 3336 802 3399 quarn
826 3313 962 3377 volumus
983 3313 1083 3400 expri-

106 3420 234 3485 mere,
265 3408 341 3471 bueo
372 3426 427 3491 pro
456 3407 521 3489 ipsu
550 3426 583 3467 re
614 3403 733 3465 dicitur.
799 3400 995 3484 Compos-utic
1025 3414 1082 3475 est,

138 3510 208 3557 uum
222 3494 295 3557 dico
311 3492 421 3557 secisse
433 3491 503 3575 quid
526 3488 689 3566 homiuem,
706 3499 739 3550 ut
762 3489 897 3565 loomm3
921 3484 1082 3557 ususlstio,

138 3596 231 3662 quum
247 3579 320 3643 dico
335 3580 374 3641 de
394 3577 527 3652 homine,
547 3574 590 3635 tu
604 3583 658 3635 cst.
705 3572 806 3658 Hujus
822 3573 867 3636 ris
891 3566 988 3634 omnis
1010 3583 1084 3647 qus·
