2459 4200
335 306 490 352 snnacra
508 308 657 362 coenan
675 310 811 355 enarra.
998 300 1060 361 173

112 459 194 535 titas,
211 458 341 522 reddere
357 480 390 521 se
408 474 439 521 et
458 460 593 523 offerre:
618 484 675 524 nec
698 476 808 525 tantum
829 464 1059 547 requirentibus,

113 546 167 609 sed
193 544 284 607 etiem
308 558 414 628 sponte
437 545 576 608 interim:
600 568 658 609 uec
677 548 877 629 vigilantibus,
893 552 948 613 sed
971 552 1061 615 etiam

113 630 214 714 quiete
229 630 408 713 compositis
424 650 432 690 ε
456 652 494 693 eo
510 632 604 713 magis
620 633 700 714 quod
715 633 764 695 illa
775 654 895 716 quoque
910 636 1059 715 animalia,

114 736 192 798 quae
203 735 306 777 carere
317 714 468 777 intellectu
479 716 626 791 videntur,
638 718 835 780 meminerunt
844 734 875 781 et
883 738 1059 802 agnoscunt,

93 813 147 863 set
163 799 324 882 quamlibet
339 800 428 882 longo
445 800 548 863 itinere
560 802 691 864 deducta
707 804 743 865 ad
757 819 890 866 assuetas
903 805 958 867 sibi
972 808 1062 870 sedes

113 898 310 947 revertuntur.
335 943 343 951 ,
358 884 444 955 Quid
461 886 472 946 ἓ
496 908 555 948 non
570 887 646 949 haec
662 888 788 951 varietas
810 890 882 952 mira
903 905 960 967 est,
978 892 1061 953 exci-

115 969 187 1032 dere
213 970 361 1052 proxime,
386 982 489 1033 vetera
516 971 699 1035 inhaerere?
722 973 927 1037 hesternorum
956 976 1061 1038 imme·

114 1074 228 1131 mores,
252 1067 319 1117 acta
341 1054 485 1137 pueritiae
507 1057 686 1119 recordari?
731 1057 845 1128 Quid?
867 1062 949 1144 quod
971 1082 1063 1145 quae·

115 1139 185 1201 dam
201 1139 341 1221 requisita
362 1161 395 1201 se
415 1142 576 1217 occultant,
591 1156 622 1203 et
640 1144 747 1205 eadem
762 1143 839 1207 sorte
857 1148 1061 1208 succurrunt?

75 1242 172 1287 *renea
191 1238 290 1286 manet
302 1246 422 1307 semper
433 1227 588 1302 memorie,
607 1228 660 1288 sed
677 1228 836 1309 aliquando
851 1230 941 1291 etiam
956 1232 1033 1291 redit
1050 1232 1062 1290 ?

159 1308 335 1371 Nesciretor
357 1324 467 1387 tamen,
485 1326 594 1393 quanta
618 1311 663 1373 vis
685 1327 765 1373 esset
789 1312 866 1395 ejus,
885 1330 994 1394 quanta
1018 1316 1062 1376 di·

115 1394 221 1457 vinitas
237 1394 295 1470 illa,
313 1393 368 1457 nisi
384 1395 442 1457 hoc
459 1396 557 1457 lumen
573 1396 676 1458 orandi
690 1397 857 1458 extulisset.
897 1398 967 1460 Non
983 1400 1062 1461 euim

115 1500 214 1542 terum
245 1480 348 1555 modo,
371 1480 425 1541 sed
449 1481 539 1542 etiam
563 1482 723 1544 verborum
747 1483 882 1545 ordinem
908 1498 1061 1567 praestat:

116 1586 173 1626 nec
190 1586 226 1627 ea
242 1584 334 1647 pauca
351 1565 497 1641 contexit,
516 1566 570 1627 sed
587 1568 673 1629 durat
692 1588 788 1650 prope
809 1568 838 1629 in
858 1569 1013 1647 infinitum,
1031 1584 1064 1633 et

84 1649 146 1711 rain
163 1649 340 1731 longissimis
361 1650 527 1713 actionibus
548 1652 629 1734 prius
650 1652 789 1715 audiendi
804 1654 957 1736 patientia,
974 1676 1062 1738 quam

116 1735 280 1797 memoriae
295 1735 371 1796 fides
387 1735 497 1797 deficit.

72 1889 83 1895 ,
159 1818 256 1888 Quod
277 1833 308 1881 et
328 1820 425 1903 ipsum
448 1834 652 1903 argumentum
674 1834 731 1896 est,
749 1822 874 1883 subesse
893 1835 988 1882 artem
1010 1822 1062 1883 ali·

116 1925 221 1987 quam,
235 1903 389 1987 juvarique
410 1905 524 1967 ratione
542 1918 701 1967 naturamt
725 1926 795 1966 cum
815 1906 906 1967 iidem
923 1906 1003 1968 docti
1020 1905 1035 1967 s
1050 1938 1063 1953 ·

116 2010 191 2051 cere
207 1988 288 2065 illud,
305 1989 415 2052 indocti
440 2003 470 2052 et
490 1989 674 2052 inexercitati
694 2011 752 2051 non
776 1991 948 2074 possimus:
972 2014 1063 2075 quan·

84 2094 208 2174 anquam
223 2074 341 2137 invenio
358 2075 444 2158 apud
459 2074 630 2152 Platonem,
648 2076 768 2140 obstare
791 2078 955 2141 memoriae
979 2098 1064 2141 usum

117 2162 267 2224 literarum
284 2182 291 2220 :
316 2161 456 2224 videlicet
467 2162 546 2243 quod
563 2162 622 2238 illa,
633 2183 711 2243 quae
726 2163 846 2244 scriptis
862 2165 1061 2244 reposuimus,

117 2245 198 2308 velut
214 2245 365 2307 custodire
381 2245 554 2322 desinimuS,
573 2260 602 2306 et
617 2246 682 2326 ipsa
698 2247 858 2307 securitate
873 2246 1060 2307 dimittimus.

117 2329 186 2392 Nec
214 2331 336 2392 dubium
367 2345 423 2408 est,
441 2331 510 2413 quin
533 2330 691 2412 plurimum
722 2331 751 2390 in
779 2331 835 2390 hac
859 2342 943 2411 parte
968 2329 1067 2391 valeat

117 2415 225 2478 mentis
242 2415 376 2492 intentio,
395 2431 425 2478 et
440 2417 521 2478 velut
540 2415 623 2477 acies
643 2414 784 2476 luminum
804 2435 821 2474 a
838 2429 1001 2496 prospectu
1017 2435 1065 2475 re·

84 2521 196 2578 aarum,
213 2519 287 2582 quas
303 2500 440 2577 intuetur,
457 2522 517 2562 non
533 2521 647 2562 aversa.
695 2498 788 2561 Unde
803 2498 927 2575 accidit,
941 2513 972 2561 ut
988 2509 1066 2580 quae

119 2607 174 2668 per
196 2585 296 2669 plures
313 2585 377 2648 dies
400 2586 558 2648 scribimus
581 2585 737 2647 ediscendi
762 2605 864 2661 causa,
881 2584 1065 2666 cogitatione

119 2670 186 2754 ipse
201 2670 361 2732 contineat.

164 2753 270 2816 Artem
284 2769 384 2817 autem
402 2755 562 2818 memoriae
579 2755 689 2838 primus
705 2756 874 2818 ostendisse
891 2755 997 2819 dicitur
1015 2755 1066 2819 Si·

119 2839 256 2903 munides
274 2862 281 2900 :
306 2840 391 2924 cujus
407 2840 524 2922 vulgata
541 2839 638 2903 sabula
654 2856 711 2919 est,
729 2863 797 2903 oum
814 2841 905 2925 pugili
921 2855 1066 2904 coronato

87 2943 254 3001 atcarmeu,
272 2926 359 3008 quale
375 2926 516 3008 componi
532 2927 696 2988 victoribus
712 2926 801 2999 solet,
819 2927 962 2986 mercede
977 2938 1067 3004 pecta

120 3010 303 3092 scripsisset,
321 3011 497 3092 abnegatam
516 3010 543 3071 ei
566 3010 710 3090 pecuniae
733 3020 859 3087 partem,
877 3008 959 3085 quod
981 3025 1066 3066 more

142 3095 222 3156 olitis
245 3093 483 3178 frequentissimo
507 3093 656 3174 digressus
683 3091 711 3150 in
738 3088 841 3149 laudes
864 3087 1001 3148 Castoris
1028 3106 1066 3147 ac

119 3117 260 3242 l’ollucis
282 3180 408 3242 exierat.
456 3178 652 3260 Quapropter
677 3179 792 3255 partem
823 3172 861 3232 ab
886 3170 921 3232 iis
948 3183 1064 3254 petere,

120 3283 249 3348 quorum
263 3262 342 3327 lacta
363 3265 557 3338 celebrasset,
570 3260 738 3345 jubebatur.
786 3255 829 3319 Et
846 3257 1064 3342 persolverunt,

89 3363 153 3412 seut
168 3348 308 3412 traditum
325 3363 381 3412 est.
429 3349 509 3411 Nam
530 3367 599 3409 cum
621 3359 701 3407 esset
719 3344 830 3426 grande
850 3343 1020 3407 convivium
1037 3345 1067 3406 iu

120 3434 267 3496 honorem
278 3433 413 3518 ejusdem
423 3433 579 3506 victoriae,
588 3444 676 3513 atque
688 3430 837 3493 adhibitus
848 3430 876 3492 ei
886 3451 1002 3493 coenae
1014 3428 1066 3491 Si·

120 3518 270 3596 monides,
294 3519 403 3582 nuncio
427 3532 473 3581 est
495 3516 623 3590 excitus,
644 3515 724 3597 quod
749 3538 818 3579 eum
841 3517 901 3579 duo
923 3514 1063 3597 juvenes,

122 3603 205 3687 equis
221 3605 353 3683 advecti,
367 3603 539 3666 desiderare
562 3599 707 3685 majorem
728 3601 758 3664 in
781 3603 903 3665 modum
924 3593 1065 3658 diceban·

398 3692 457 3751 15*
