2459 4200
185 293 226 356 56
472 307 509 351 at.
529 307 625 352 rami
643 306 867 359 auturrtrarrr

184 475 285 524 entum
306 459 435 543 gladium
459 459 587 537 ostendi,
607 473 639 522 et
658 460 740 522 lecta
760 480 779 520 e
799 457 970 522 vulneribus
992 477 1074 535 ossa,
1094 471 1126 525 et

182 559 282 609 restes
298 546 438 629 sanguiue
454 543 588 628 perfusas
603 546 754 621 videmus,
771 557 801 608 et
816 545 936 606 vulnera
951 544 1073 623 resolvi,
1086 565 1124 608 ac

182 631 338 694 verberata
353 651 480 718 corpora
494 631 608 694 nudari.
656 630 793 702 Quarum
814 651 913 692 rerum
934 629 1037 712 ingens
1059 629 1124 713 ple·

181 737 305 799 rumque
329 717 374 780 vis
405 731 463 793 est,
479 716 562 778 velut
582 717 613 778 in
633 737 698 779 rem
717 729 906 799 praesentem
929 715 1046 779 animos
1069 715 1124 778 bo-

181 801 293 864 minum
311 801 493 866 ducentium.
541 799 584 864 Et
605 801 750 885 populum
770 800 944 864 Romanum
959 801 1019 884 egit
1033 801 1063 864 in
1078 799 1145 866 far-t

181 907 279 950 rorem
310 902 462 972 praetexta
479 887 519 951 C.
537 886 680 950 Caesaris
706 887 819 970 prolata
844 886 873 948 in
894 884 961 948 loro
986 901 1121 952 cruenta.

184 969 345 1036 Sciebatur
361 972 547 1036 intersectum
571 993 651 1047 euru,
669 993 781 1055 corpus
801 970 927 1053 denique
950 971 1048 1054 ipsum
1067 972 1125 1034 im·

181 1057 312 1140 positum
327 1058 407 1121 lecto
431 1074 512 1122 erat:
537 1071 566 1121 at
585 1057 678 1120 vestis
700 1073 800 1121 tamen
822 1055 872 1118 illa
894 1056 1035 1138 sanguine
1058 1077 1124 1120 ma·

181 1141 254 1205 dens
271 1143 309 1206 ita
329 1144 563 1227 repraesentavit
585 1142 742 1226 imaginem
765 1141 900 1218 sceleris,
917 1156 1023 1203 utnon
1037 1142 1123 1205 occi·

181 1247 230 1290 sus
247 1250 314 1292 esse
329 1228 456 1306 Caesar,
475 1230 606 1292 sedtum
622 1229 752 1291 maxime
768 1227 867 1290 occidi
882 1227 1042 1288 videretur.
1129 1248 1154 1292 rr

226 1311 291 1377 Sed
311 1336 370 1376 non
394 1315 464 1377 ideo
487 1315 689 1399 probaverim,
705 1314 786 1397 quod
808 1311 920 1374 lactum
941 1326 972 1374 et
993 1313 1074 1395 lego,
1092 1327 1123 1378 et

179 1397 246 1481 ipse
267 1399 425 1483 aliquando
441 1401 513 1476 ridi,
531 1399 680 1482 depictam
704 1399 733 1458 in
756 1397 854 1460 tabula
876 1397 1027 1479 sipariove
1049 1398 1121 1464 ima·
1144 1435 1149 1461 t

199 1481 278 1543 inem
301 1484 356 1558 rei,
373 1483 458 1566 cujus
481 1484 636 1544 atrocitate
662 1481 759 1566 judex
781 1495 844 1543 erat
866 1485 1118 1548 commovendus.

179 1502 269 1640 auae
293 1567 372 1628 enim
394 1581 440 1629 est
463 1567 573 1629 actoris
597 1565 728 1642 infantia,
746 1566 796 1650 qui
816 1582 930 1630 mutam
952 1567 1032 1630 illam
1057 1572 1121 1634 effi·

178 1651 256 1734 giem
272 1652 377 1736 magis,
395 1672 483 1736 quarn
499 1652 676 1729 orationem,
693 1673 749 1735 pro
771 1673 805 1714 se
826 1666 910 1735 putet
929 1653 1093 1716 locuturam
1108 1655 1153 1717 irs

222 1735 268 1800 At
290 1738 461 1813 sordes,'et
486 1738 667 1821 squalorem,
690 1752 721 1800 ct
743 1738 976 1821 propinquorum
999 1761 1120 1824 quoque

178 1821 305 1886 similem
321 1823 454 1886 habitum
476 1823 540 1886 scio
556 1821 724 1907 proluisse,
741 1837 772 1885 et
786 1843 923 1906 magnum
938 1825 975 1886 ad
992 1825 1120 1890 salutem

177 1923 362 1970 momentum
384 1931 491 1992 preces
507 1910 650 1972 attulisse.
702 1908 823 1992 (Quare
837 1923 867 1971 et
882 1909 1054 1972 obsecratio
1068 1912 1121 1976 illa

172 1990 309 2078 judicum
328 2012 386 2074 per·
408 1994 566 2056 carissima
586 1995 736 2076 pignora,
752 1995 856 2076 utique
877 1995 903 2057 si
924 2009 955 2057 et
976 2015 1029 2056 reo
1051 2012 1120 2061 suut

177 2075 278 2155 liberi,
303 2079 426 2163 conjux,
446 2089 599 2161 parentes,
624 2080 703 2143 utilis
729 2080 808 2155 erit:
830 2093 861 2143 et
883 2080 1006 2143 dcerunt
1028 2082 1150 2147 etiamst
1213 2076 1214 2091 ¹

175 2164 326 2227 invocatio
342 2165 424 2227 velut
444 2186 483 2227 ex
503 2167 578 2228 bona
598 2166 784 2230 conscientia
807 2164 942 2250 prolecta
956 2168 1052 2230 videri
1067 2192 1119 2232 so·

175 2249 243 2334 let.)
295 2250 429 2316 Stratum
455 2252 583 2336 denique
609 2252 727 2338 jacere,
751 2267 782 2315 et
811 2273 906 2335 genua
930 2254 1116 2337 complecti:
1211 2267 1212 2324 t

174 2334 230 2400 nisi
247 2336 271 2400 si
290 2350 389 2401 tamen
411 2360 538 2439 persona
558 2361 626 2417 nos,
643 2353 674 2402 et
695 2353 832 2403 anteacta
848 2338 922 2416 vita,
939 2353 970 2402 et
984 2339 1026 2401 rei
1042 2361 1116 2404 con·
1210 2377 1211 2440 p

175 2422 247 2486 ditio
264 2425 443 2507 prohibebit.
491 2424 651 2495 Quaedam
674 2425 753 2487 enim
776 2439 836 2487 tarn
856 2421 971 2486 sortiter
993 2426 1114 2505 tuenda,

174 2506 353 2591 quemfacta
375 2523 450 2570 sunt.
499 2507 615 2569 Verum
639 2508 684 2569 sic
706 2509 843 2571 habenda
866 2524 912 2572 est
935 2510 1148 2576 auctoritatisas
1209 2505 1210 2558 l

173 2592 260 2667 ratio,
278 2612 317 2653 ne
332 2590 368 2653 sit
384 2592 477 2653 inrisa
493 2591 648 2653 securitas.
1195 2638 1209 2664 .,

217 2674 289 2739 Fuit
303 2676 453 2757 quondam
474 2675 550 2736 inter
570 2675 646 2738 haec
668 2676 768 2738 omnia
790 2679 1037 2760 potentissimum,
1055 2704 1117 2765 quo

174 2758 215 2823 L.
236 2758 395 2833 Murenam
416 2759 530 2823 Cicero
549 2760 757 2824 accusantibus
780 2762 952 2827 clarissimis
968 2767 1037 2828 viris
1058 2768 1116 2831 eri·
1207 2733 1208 2790 l

173 2844 273 2929 puisse
303 2845 466 2928 praecipue
492 2844 621 2919 videtur,
645 2846 860 2929 persuasitque,
886 2849 957 2909 nihil
985 2871 1053 2913 esse
1076 2852 1116 2916 ad
1206 2897 1207 2906 i

172 2945 362 3016 praesentem
385 2951 481 2993 rerum
504 2943 611 2992 statum
634 2929 744 3007 utilius,
761 2952 852 3013 quarn
871 2933 974 3014 pridie
996 2935 1146 3001 Karta-n
1205 2943 1206 3020 l

172 3016 227 3079 das
242 3016 413 3082 Juauurius
427 3015 551 3099 ingredi
567 3016 765 3077 consulatum.
813 3015 907 3087 Quod
928 3039 1020 3100 genus
1043 3041 1116 3087 nos·

172 3103 223 3168 tris
246 3104 432 3188 temporibus
454 3118 549 3166 toturn
572 3124 668 3187 paene
690 3101 837 3166 sublatum
846 3119 912 3183 est,
929 3126 998 3166 cum
1014 3107 1115 3171 omnia
1204 3059 1206 3140 l

172 3211 263 3284 curae
292 3191 461 3286 tutelaeque
482 3188 567 3252 unius
597 3188 698 3251 innixa
727 3188 888 3273 periclitari
908 3190 988 3253 nullo
1006 3189 1113 3277 judicii

172 3286 253 3334 exitu
270 3287 393 3353 possmt.

214 3354 269 3419 De
285 3356 508 3419 accusatoribus
524 3372 554 3420 et
567 3358 627 3420 reis
642 3380 707 3421 sum
722 3359 854 3437 locutus,
866 3361 936 3444 quia
950 3362 980 3423 in
994 3363 1143 3446 pericu-at
1201 3417 1202 3426 ,

171 3440 207 3507 lis
236 3442 365 3505 maxime
389 3456 523 3507 versatur
552 3443 689 3507 allectus.
740 3444 805 3511 Sed
834 3446 968 3529 privatae
992 3460 1111 3532 quoque

172 3550 281 3593 causae
303 3540 459 3611 utrumque
482 3528 591 3591 habent
612 3530 809 3613 perorationis
832 3552 949 3613 genus:
973 3547 1004 3595 et
1025 3534 1109 3612 illud,

171 3614 254 3699 quod
275 3628 321 3678 est
345 3634 385 3677 ex
409 3614 630 3678 enumeratione
652 3616 872 3699 probationum,
888 3632 920 3682 et
941 3618 1012 3698 hoo,
1030 3618 1110 3703 quod
