2459 4200
372 307 524 353 sacrorn
543 311 693 364 ounnnu
711 317 846 365 carran.
1035 313 1096 374 137

196 453 298 520 Etiam
315 457 374 520 hoc
393 459 469 524 solet
491 461 674 529 incommodi
698 468 839 534 accidere
861 473 916 553 eis,
933 475 984 561 qui
1000 499 1034 543 se
1049 482 1098 544 uni

151 541 240 604 alicui
257 543 360 626 generi
376 545 563 626 dediderunt,
580 565 611 613 ut
627 552 651 614 si
667 555 812 636 asperitas
829 557 863 621 iis
879 560 990 643 placuit
1004 565 1095 630 alicu·

146 627 210 712 jus,
228 627 306 690 hano
324 628 415 692 etiam
429 631 459 693 in
474 631 532 695 leni
549 656 585 697 ac
600 637 726 701 remisso
741 661 897 707 causarum
913 667 1021 729 genere
1037 672 1097 716 non

151 727 262 775 exuant
278 735 285 773 :
310 714 335 776 si
350 715 476 780 tenuitas
493 740 528 780 ac
537 719 719 805 jucunditas,
731 725 760 787 in
773 727 887 811 asperis
899 733 1096 819 gravibusque

128 798 252 860 scansis
273 799 399 882 ponderi
418 823 516 865 rerum
537 827 641 888 pamm
663 812 889 894 respondeant:
914 839 983 882 curn
999 820 1036 882 sit
1052 815 1096 884 di·

150 903 238 945 versa
260 905 319 946 non
342 907 499 950 causarum
522 891 612 954 modo
634 892 709 956 inter
730 895 811 980 ipsas
834 901 979 981 conditio,
997 905 1097 969 sedin
1136 960 1139 966 .

97 1034 102 1038 ,
148 967 270 1051 singulis
288 969 376 1032 etiam
398 971 494 1036 causis
514 976 638 1058 partium
655 999 664 1054 ;
688 980 804 1064 sintque
827 985 884 1048 aha
905 987 1020 1069 leniter,
1039 991 1096 1056 alia

148 1073 268 1138 aspere,
291 1054 348 1118 alia
371 1057 532 1136 concitate,
551 1061 607 1124 alia
633 1064 770 1144 remisse,
793 1069 850 1132 alia
879 1071 1020 1153 docendi,
1037 1077 1095 1140 alia

147 1139 290 1201 movendi
309 1141 401 1222 gratia
417 1142 546 1206 dicenda
562 1166 569 1206 :
594 1169 719 1230 quorum
739 1154 869 1217 omnium
885 1157 1035 1224 dissimilis
1051 1176 1093 1225 at·

112 1243 206 1308 roque
223 1223 316 1288 divisa
332 1225 407 1290 inter
423 1249 456 1290 se
470 1229 546 1290 ratio
562 1246 618 1294 est.

192 1309 298 1394 Itaque
314 1333 352 1373 nc
367 1312 425 1374 hoo
439 1313 560 1397 quidem
577 1319 733 1398 suaserim,
744 1321 793 1382 uni
808 1345 842 1385 se
857 1324 945 1388 alicui
959 1329 1091 1413 proprie,

146 1413 236 1478 quem
251 1417 306 1479 per
323 1398 423 1461 omnia
443 1413 594 1482 sequatur,
612 1403 765 1468 addicere.
811 1406 954 1474 Omnium
974 1413 1092 1499 perfec·

146 1479 277 1543 tissimus
295 1481 484 1547 Graecorum
500 1483 736 1554 Demosthenes.
784 1491 908 1578 Aliquid
925 1511 1023 1562 tamen
1039 1500 1092 1564 ali·

145 1585 206 1648 quo
232 1565 260 1627 in
284 1566 353 1630 loco
380 1568 485 1634 melius
512 1571 585 1634 alii:
608 1574 734 1657 plurima
755 1577 814 1641 ille.
865 1580 931 1646 Sed
956 1606 1015 1648 non
1040 1587 1090 1670 qui

111 1650 277 1714 ismaxime
292 1653 461 1732 imitandus,
476 1669 506 1718 et
522 1657 601 1721 solus
619 1659 775 1726 imitandus
792 1679 848 1728 est.
889 1667 1061 1754 Quidergo
1078 1671 1090 1731 ?

144 1757 205 1798 non
232 1752 278 1800 est
304 1739 374 1801 satis
402 1741 500 1804 omnia
527 1742 569 1805 sic
596 1745 709 1823 dicere,
728 1751 881 1830 quomodo
906 1751 953 1812 Μ.
970 1752 1089 1818 Tullius

143 1821 222 1883 dixit
238 1821 250 1880 ἓ
288 1821 363 1886 Mihi
376 1825 496 1908 quidem
512 1827 583 1890 satis
599 1844 692 1908 esset,
704 1831 729 1893 si
745 1834 844 1895 omnia
860 1836 1004 1919 consequi
1019 1853 1089 1920 pos'·

145 1925 223 1968 sem.
272 1905 354 1978 Quid
376 1924 475 1973 tamen
497 1927 634 1991 noceret,
650 1915 712 1976 vim
727 1914 880 1994 Caesaris,
898 1921 1089 2005 asperitatem

144 1988 256 2070 Caelii,
271 1993 448 2078 diligentiam
466 1995 624 2074 Pollionis,
633 1998 780 2085 judicium
795 2002 896 2083 Calvi,
910 2006 1088 2090 quibusdam

108 2074 173 2139 acin
189 2077 264 2141 locis
280 2082 457 2145 assumere?
493 2081 572 2147 Nam
588 2099 707 2169 praeter
718 2087 759 2167 id,
771 2090 852 2173 quod
865 2093 1016 2175 prudentis
1028 2108 1085 2173 est,

143 2162 225 2246 quod
246 2164 276 2226 in
297 2187 416 2250 quoque
439 2169 582 2253 optimum
607 2186 664 2248 est,
682 2174 707 2236 si
729 2176 836 2256 possit,
853 2199 939 2238 suum
960 2178 1085 2241 facere:

143 2261 217 2326 tum,
234 2250 264 2311 in
285 2264 364 2314 tanta
384 2253 427 2315 rei
443 2252 627 2331 difficultate,
645 2278 735 2318 unum
757 2258 903 2321 intuentes
918 2260 971 2321 vix
989 2262 1088 2345 aliqua

142 2354 212 2417 pars
235 2336 376 2419 sequitur.
424 2334 561 2421 Ideoque
584 2360 654 2400 cum
681 2353 776 2401 totum
798 2341 979 2424 exprimere,
997 2366 1087 2491 qpem

143 2418 281 2502 elegeris,
297 2443 395 2505 paene
417 2423 454 2486 sit
477 2422 588 2485 homini
611 2423 842 2487 inconcessum:
865 2426 993 2509 plurium
1029 2450 1086 2494 ona

107 2522 287 2587 seponamus
304 2522 371 2571 ante
387 2506 504 2586 oculos,
520 2522 553 2571 ut
568 2508 647 2572 aliud
666 2532 705 2572 ex
724 2508 781 2573 alio
796 2510 929 2591 haereat,
946 2527 987 2593 et,
1006 2517 1086 2599 quod

143 2588 190 2651 cui
213 2614 249 2653 ue
265 2592 335 2656 loco
351 2594 521 2673 conveniat,
539 2608 685 2678 aptemus.

186 2612 319 2740 Iqmita'tio
347 2693 446 2742 autem
471 2679 551 2761 (nam
579 2681 699 2765 saepius
726 2682 806 2745 idem
829 2684 942 2770 dicam)
964 2708 1024 2749 non
1047 2688 1086 2752 sit

142 2763 297 2831 tantumin
312 2764 422 2828 verbis.
471 2764 547 2828 Illuc
570 2766 750 2831 intendenda
770 2792 867 2848 mens,
884 2786 1025 2855 quantum
1040 2772 1084 2842 fu·

142 2844 197 2908 erit
212 2846 267 2911 illis
282 2849 352 2913 viris
365 2851 483 2915 decoris
498 2851 527 2912 in
543 2852 632 2916 rebus
647 2866 736 2937 atque
752 2856 900 2939 personis,
914 2858 996 2939 quod
1011 2880 1084 2928 con·

107 2928 249 3009 rusilium,
267 2954 343 3017 quae
360 2936 527 3021 dispositio,
545 2958 635 3018 quam
650 2939 750 3000 omnia
771 2940 871 3016 etiam,
889 2942 966 3021 quae
982 2943 1084 3004 deleo·

139 3016 242 3079 tationi
257 3019 412 3081 videantur
427 3021 506 3095 data,
518 3020 556 3081 ad
571 3020 727 3081 victoriam
744 3034 881 3101 spectent
897 3041 905 3077 ε
929 3022 1000 3100 quid
1015 3038 1083 3102 aga·-

138 3114 186 3164 tur
201 3101 370 3183 prooemio,
388 3122 463 3184 quae
486 3101 561 3163 ratio
585 3116 615 3163 et
635 3122 723 3183 quam
740 3102 822 3163 varia
843 3101 992 3187 narrandi,
1009 3124 1084 3186 quae

138 3186 185 3247 vis
210 3183 357 3266 probandi
379 3206 414 3247 ac
436 3182 601 3262 refellendi,
619 3196 728 3268 quanta
750 3186 779 3247 in
803 3184 960 3250 affectibus
987 3190 1084 3256 omnis

139 3268 257 3354 generis
276 3269 432 3332 movendis
454 3269 590 3348 scientia,
608 3290 757 3354 quamque
772 3272 835 3335 laus
851 3270 915 3357 ipsa
931 3275 1083 3372 popularis

107 3354 270 3418 cautilitatis
282 3355 376 3439 gratia
391 3369 552 3439 assumpta,
565 3378 641 3439 quae
657 3370 719 3419 tum
731 3372 777 3422 est
791 3358 1002 3443 pulcherrima,
1013 3386 1082 3429 cum

141 3440 283 3525 sequitur,
300 3462 359 3503 non
383 3464 452 3505 cum
472 3443 641 3506 arcessitur.
690 3441 780 3508 Haec
804 3444 829 3508 si
851 3446 1080 3537 perviderimus,

141 3536 202 3589 tum
217 3548 289 3591 vere
305 3526 493 3591 imitabimur.
535 3526 598 3599 Qui
614 3550 687 3591 vero
702 3530 791 3595 etiam
807 3533 928 3616 propria
943 3533 988 3595 his
1003 3534 1082 3617 bona

142 3609 297 3697 adjecerit,
308 3627 341 3676 ut
355 3614 503 3699 suppleat,
515 3634 591 3701 quae
604 3616 737 3695 deerant,
749 3618 955 3693 circumcidat,
970 3615 994 3677 si
1011 3614 1081 3698 quid

415 3703 474 3761 12*
