2459 4200
341 269 495 318 sensere
513 271 664 326 euentu
679 273 816 320 cantra.
1003 261 1064 325 tat

118 437 201 487 terea
215 435 249 486 ut
264 423 357 488 amari
373 424 463 502 sales,
477 425 517 490 ita
533 423 701 508 frequenter
715 426 881 492 amaritudo
895 428 962 512 ipsa
975 429 1066 494 ridic-

117 509 167 572 ula
185 523 242 572 est.

146 593 243 659 'Sunt
269 594 318 657 alii
345 594 427 658 multi
453 595 566 671 diserti,
584 617 660 679 quos
687 597 827 680 persequi
856 598 976 681 longum
1005 615 1062 665 est.

117 677 247 757 Eorum,
264 701 340 764 quos
355 679 493 758 viderim,
510 681 667 744 Domitius
680 681 760 764 Aser
774 697 805 746 et
818 681 925 746 Julius
938 681 1065 766 adfrica-

95 785 177 826 unns
197 765 283 848 longe
302 766 572 848 praestantissimi:
596 781 659 830 arte
680 768 741 843 ille,
758 782 789 831 et
806 782 871 831 toto
892 789 1002 852 genere
1020 770 1065 833 di·

117 851 209 912 cendi
225 849 447 934 praeferendus,
466 865 496 914 et
511 872 600 935 quern
619 853 650 914 in
670 874 795 916 nurnero
811 865 947 917 veterum
962 854 1065 918 locare

115 955 176 996 non
195 936 326 999 timeae:
350 935 400 998 hic
421 936 610 1014 concitatior,
628 939 683 1000 sed
706 938 736 1000 in
755 959 828 1001 cura
840 939 1002 1002 verborum
1019 941 1064 1003 ni·

116 1021 204 1098 mius,
223 1034 252 1082 et
271 1021 490 1104 compositione
513 1043 723 1106 nonuunquam
745 1024 871 1108 longior,
889 1040 920 1088 et
940 1026 1064 1090 unusla-

115 1105 245 1168 tionibus
261 1127 364 1189 parum
381 1106 528 1169 modicus.

81 1213 107 1252 ro
159 1189 256 1253 Erant
279 1191 359 1254 clara
381 1205 411 1254 et
434 1212 528 1274 nuper
554 1192 683 1276 ingenia.
729 1191 809 1256 Nam
835 1208 867 1256 et
891 1195 1064 1258 lbocbolus

114 1275 291 1359 plerumque
312 1276 457 1354 sublimis,
475 1291 505 1339 et
525 1277 596 1339 satis
617 1291 736 1360 apertus
751 1276 817 1355 luit,
834 1291 865 1340 et
879 1300 970 1361 quem
985 1280 1064 1342 velle

114 1361 228 1443 optima
243 1361 384 1426 crederes
401 1385 410 1423 t
433 1361 550 1425 auditus
566 1375 666 1424 tamen
681 1361 786 1446 major.
822 1360 902 1425 Nam
917 1377 948 1426 et
962 1365 1062 1442 vocis,

113 1460 254 1528 quantam
275 1446 305 1509 iu
323 1447 405 1510 nullo
424 1447 564 1530 cognovi,
583 1446 722 1525 felicitas,
740 1461 771 1510 et
792 1449 997 1532 pronunciatio
1012 1450 1062 1514 rel

113 1531 213 1594 scenis
229 1532 403 1610 suffectura,
421 1547 451 1595 et
466 1533 571 1610 decor,
588 1533 689 1596 omnia
705 1533 833 1618 denique
848 1535 889 1612 ei,
902 1557 979 1618 quae
994 1543 1062 1600 suut

79 1631 210 1692 uestra,
228 1615 445 1700 superfuerunt.
492 1617 536 1681 Et
564 1617 673 1682 Vibius
698 1619 839 1702 Crispus,
859 1620 1059 1704 compositus,

112 1716 145 1762 et
155 1698 319 1786 judundus,
337 1717 367 1765 et
383 1703 574 1766 delectationi
594 1718 679 1767 natus
697 1725 704 1765 :
728 1705 849 1788 privatis
869 1719 970 1768 tamen
988 1727 1061 1769 cau·

112 1785 153 1849 sis
169 1807 260 1870 quam
278 1787 404 1870 publicis
424 1788 539 1851 melior.

157 1873 245 1935 Jutto
269 1874 406 1935 Secundo
434 1873 459 1936 si
485 1873 601 1956 longior
623 1873 799 1955 contigisset
820 1887 914 1951 aetas,
931 1873 1061 1937 clarissi-

111 1977 198 2020 mum
215 1956 349 2040 prolecto
365 1958 614 2022 nomencratoris
630 1959 710 2043 apud
722 1973 861 2044 posteros
872 1957 959 2023 soret.
992 1958 1060 2024 Ad·

76 2041 236 2127 ejecisset
245 2043 334 2121 enirn,
343 2058 431 2129 atque
441 2043 601 2129 adjiciebat
611 2045 720 2109 ceteris
730 2044 886 2110 virtutibus
895 2046 969 2125 suis,
977 2047 1060 2133 quod

112 2128 274 2193 desiderari
299 2136 408 2214 potest.
457 2130 494 2193 Id
510 2146 556 2194 est
574 2146 685 2208 autem,
701 2147 733 2195 ut
748 2147 828 2195 esset
849 2133 942 2195 multo
963 2134 1059 2215 magis

112 2235 245 2297 pugnax,
259 2230 289 2278 et
305 2216 423 2299 saepius
439 2216 476 2279 ad
492 2238 594 2279 curam
610 2238 708 2279 rerum
724 2217 762 2278 ab
778 2216 949 2279 elocutione
963 2218 1058 2297 respi-

112 2314 206 2362 ceret.
254 2300 400 2365 Ceterum
421 2301 603 2384 interceptus
618 2320 738 2383 quoque
758 2320 897 2381 magnum
918 2298 974 2361 sibi
994 2300 1059 2361 vin·

111 2383 191 2447 dicat
202 2385 312 2450 locum.
350 2384 400 2449 Ea
411 2400 457 2449 est
468 2385 619 2460 secundia,
630 2398 712 2447 tanta
727 2384 757 2445 in
771 2383 965 2466 explicando,
977 2383 1058 2467 quod

74 2470 194 2546 sevelit,
212 2472 327 2554 gratim
351 2486 412 2535 tam
435 2471 597 2535 candidum
617 2484 648 2532 et
671 2470 740 2533 leue
766 2483 796 2531 et
819 2468 993 2553 speciosum
1013 2468 1058 2532 di·

110 2556 201 2617 cendi
230 2578 348 2639 genus:
373 2571 454 2620 tanta
483 2556 656 2635 verborum,
679 2556 769 2619 etiarn
799 2576 877 2638 quae
906 2569 1059 2639 assumpta
1138 2574 1142 2584 ·

110 2654 190 2715 sunt,
208 2642 399 2727 proprietas:
423 2657 505 2706 tanta
525 2642 553 2705 in
569 2643 745 2726 quibusdam
766 2663 806 2704 ex
825 2639 961 2725 periculo
979 2641 1057 2727 peti·

108 2724 149 2788 tis
165 2727 369 2808 significantia.

157 2809 320 2877 Habebunt
335 2814 385 2897 qui
405 2828 474 2897 post
493 2836 548 2878 nos
563 2816 602 2879 de
623 2815 790 2878 oratoribus
813 2814 958 2891 scribent,
974 2835 1057 2897 mag·

75 2916 179 2962 seuam
209 2919 275 2975 eos,
301 2900 351 2982 qui
380 2922 457 2962 nunc
492 2901 602 2983 vigent,
623 2901 779 2963 materiam
805 2921 876 2962 vere
902 2898 1053 2961 laudandi.

112 2980 192 3045 Sunt
215 2983 293 3045 enirn
319 3005 435 3045 summa
457 2985 558 3060 hodie,
576 2985 682 3065 quibus
704 2984 862 3044 illustratur
886 2980 995 3054 sorum,
1012 2983 1057 3041 in·

108 3066 205 3149 genia.
253 3066 392 3148 Namque
416 3080 446 3129 et
468 3067 672 3129 consummati·
686 3066 750 3147 jam
774 3061 890 3144 patroni
905 3063 1057 3158 ueteribus

108 3150 305 3224 aemulantur,
323 3164 353 3211 et
368 3170 421 3212 eos
433 3150 578 3233 juvenum
599 3151 638 3211 ad
659 3148 773 3231 optima
794 3145 975 3207 tendenuum
990 3166 1056 3208 rrnt-

109 3248 185 3299 tatur
201 3254 238 3295 ac
254 3232 384 3316 sequitur
400 3234 551 3298 industria.

74 3348 120 3389 aa.
156 3320 336 3404 Supersunt,
354 3320 403 3403 qni
420 3320 459 3382 de
470 3320 664 3403 philosophia
682 3316 866 3402 scripserint,
882 3339 943 3401 quo
958 3318 986 3383 in
1002 3341 1055 3404 ge·

108 3426 182 3469 nere
198 3404 394 3489 paucissimos
410 3405 509 3469 adhuc
525 3405 698 3488 eloquentes
714 3404 817 3468 literae
835 3403 995 3470 Romanae
1011 3422 1054 3470 tu-

109 3492 217 3555 lerunt.
265 3488 354 3555 Idem
375 3491 463 3576 igitur
476 3492 530 3555 M.
553 3492 688 3569 Tullius,
704 3490 755 3575 qui
777 3490 898 3576 ubique,
916 3492 1005 3555 etiarn
1025 3492 1056 3552 in

109 3576 171 3640 boc
194 3598 286 3660 opere
310 3576 445 3643 Platonis
469 3576 602 3642 aemulus
628 3577 751 3641 exstitit.
796 3576 945 3661 Egregius
960 3593 1053 3666 ¹uero,
