2459 4200
175 259 238 322 1³⁰
465 273 503 316 rr.
524 271 619 316 rarrr
635 269 860 324 eutaricum

172 425 256 508 sequi
273 437 385 508 posset,
404 423 497 488 fluunt
510 423 677 502 illaborata,
687 437 719 486 ct
732 423 794 499 illa,
805 443 864 506 qua
878 420 950 502 nibil
964 419 1116 505 pulchrius

171 509 271 573 auditu
287 523 344 588 cst,
362 509 457 573 oratio
474 531 545 594 prae
566 531 599 574 se
615 508 673 573 lert
689 524 787 572 manen
802 507 1004 571 felicissimam
1017 503 1114 570 sacili·

170 607 274 656 tatem.

213 679 320 752 Quare
338 701 398 743 non
418 679 566 744 immerito
585 680 624 744 ab
645 678 813 742 bominibus
830 678 936 742 aetatis
955 698 1027 740 snae
1044 697 1117 758 reg·

170 785 245 828 nure
259 765 295 828 in
303 766 436 849 judiciis
451 766 547 828 dictus
563 779 610 829 est
625 786 633 826 ε
657 766 736 848 apud
751 780 891 847 posteros
906 785 979 826 vero
994 762 1025 824 id
1040 775 1139 824 con-⁶

171 867 306 929 secutus,
324 867 355 914 ut
377 851 490 915 Cicero
513 851 577 936 jam
599 873 659 912 non
680 850 808 912 bominis
834 871 956 924 nomen,
973 847 1028 910 sed
1053 847 1117 908 elo·

171 937 308 1020 quentiae
326 937 479 1000 habeatur.
526 935 620 1000 Hune
641 935 728 1018 igitur
747 950 945 1018 spectemus:
967 933 1028 994 boc
1043 953 1117 1015 pro·

172 1021 300 1104 positum
321 1023 408 1085 nobis
427 1022 465 1084 sit
484 1021 681 1104 exemplum:
704 1020 753 1082 ille
775 1041 809 1082 se
832 1017 997 1103 proiecisse
1022 1017 1114 1095 sciat,

171 1105 219 1169 oui
235 1105 349 1170 Cicero
365 1107 453 1170 valde
471 1107 610 1190 placebit.

216 1190 312 1255 Multa
328 1193 356 1254 in
372 1191 484 1254 Asinio
502 1193 642 1253 Pollione
658 1189 800 1263 inventio,
818 1209 933 1251 summa
948 1187 1113 1269 diligentia,
1125 1204 1152 1244 ro

172 1277 249 1340 adeo
265 1293 297 1340 ut
311 1277 490 1362 quibusdam
510 1277 599 1339 etiarn
619 1276 709 1338 nimia
725 1274 861 1337 videatur
877 1295 885 1333 ε
909 1287 940 1335 et
954 1272 1069 1334 consilii
1084 1287 1117 1336 et

171 1363 261 1424 animi
278 1363 347 1426 satis
365 1383 372 1424 :
397 1384 414 1425 a
429 1363 524 1426 nitore
546 1377 576 1424 et
592 1360 780 1446 jucunditate
794 1357 956 1421 Ciceronis
971 1357 1011 1420 ita
1026 1357 1116 1440 longe

171 1447 267 1521 abest,
285 1463 317 1510 ut
331 1447 424 1510 videri
442 1448 536 1530 possit
551 1446 673 1510 saeculo
688 1445 778 1528 prior.
963 1452 967 1458 '

214 1529 265 1592 At*
283 1531 437 1592 Messalla
462 1531 570 1594 nitidus
601 1546 632 1592 et
661 1529 818 1605 candidus,
835 1544 867 1591 et
891 1528 1116 1612 quodammodo

170 1612 341 1699 praeferens
357 1615 385 1678 iu
401 1616 530 1678 diceudo
545 1615 729 1677 nobilitatem
744 1635 827 1676 suam
843 1634 852 1689 ;
876 1614 985 1676 viribus
1005 1613 1112 1675 minor.
1123 1633 1151 1674 1⁵

218 1699 256 1762 Ο.
275 1722 348 1764 vero
368 1700 484 1763 cesar
499 1701 524 1764 si
539 1699 605 1763 loro
621 1714 732 1762 tantum
748 1713 899 1775 vacasset,
911 1721 970 1760 non
984 1698 1058 1761 alius
1074 1721 1117 1762 ex

170 1786 279 1850 nostris
292 1801 395 1850 contra
406 1785 589 1850 Ciceronem
604 1785 814 1848 nomlnaretur.
857 1784 958 1847 Tanta
973 1783 1002 1845 in
1018 1805 1056 1846 eo
1068 1784 1115 1848 vis

170 1887 228 1948 est,
246 1872 277 1936 id
303 1895 442 1950 acumen,
459 1893 496 1936 ea
523 1871 697 1949 concitatio,
714 1885 747 1934 ut
771 1870 852 1933 illum
875 1871 985 1932 eodem
1013 1869 1113 1932 auimo

171 1957 295 2033 dixisse,
313 1979 373 2040 quo
397 1957 528 2032 bellavit,
547 1973 699 2040 appareat.
748 1955 885 2018 Exornat
910 1971 1011 2018 tamen
1036 1955 1113 2018 haec

170 2040 270 2139 omnia
289 2041 362 2105 mira
382 2041 540 2119 sermonis,
559 2041 644 2126 cujus
663 2041 783 2125 proprie
803 2041 953 2105 studiosus
968 2039 1034 2119 suit,
1051 2041 1150 2105 ele-su

189 2140 277 2189 antra.

170 2146 189 2209 g
215 2210 345 2275 Multum
361 2211 468 2296 ingenii
484 2212 513 2275 in
532 2211 653 2291 Coelio,
670 2227 701 2276 et
716 2212 878 2297 praecipue
898 2212 927 2275 in
942 2213 1111 2275 accusando

170 2298 261 2362 multa
282 2298 441 2377 urbanitas,
459 2299 624 2383 dignusque
643 2300 766 2376 vir,‘cui
788 2314 820 2363 et
841 2321 925 2363 mens
947 2298 1064 2374 melior,
1081 2312 1113 2361 et

170 2384 230 2447 vita
244 2384 360 2469 longior
376 2386 559 2469 contigisset.

213 2470 320 2533 Inveni
342 2471 393 2552 qui
416 2470 545 2531 Caluum
572 2468 756 2552 praeferrent
778 2470 927 2547 omnibus,
944 2468 1043 2531 inveni
1061 2467 1149 2551 quius

93 2574 97 2582 ·
170 2552 315 2617 Ciceroni
332 2555 501 2631 crederent,
520 2575 587 2615 eum
608 2554 699 2615 nimia
716 2568 821 2616 contra
844 2576 877 2617 se
898 2554 1044 2617 calumnia
1059 2575 1112 2616 ve·

169 2658 234 2699 rum
250 2637 421 2717 sanguinem
439 2638 630 2719 perdidisse:
653 2637 708 2699 sed
729 2653 775 2699 est
794 2653 826 2700 et
845 2653 949 2702 sancta
971 2655 1001 2701 et
1015 2638 1112 2721 gravis

169 2720 277 2797 oratio,
300 2734 330 2781 et
360 2721 519 2795 custodita,
541 2736 571 2783 et
597 2720 766 2802 frequenter
791 2724 954 2785 vehemens
978 2745 1109 2806 quoque.

169 2802 307 2866 Imitatur
331 2816 429 2865 autem
454 2818 499 2867 est
521 2806 705 2879 Atticorum,
723 2804 854 2887 lecitque
883 2807 924 2867 illi
953 2822 1114 2889 properata

168 2910 249 2951 mors
270 2886 415 2974 injuriam,
432 2889 457 2953 si
472 2890 543 2973 quid
562 2888 732 2973 adjecturus
755 2890 823 2967 sibi,
840 2912 900 2951 non
921 2890 947 2953 si
965 2891 1037 2973 quid
1058 2894 1149 2956 de-sr

169 2989 314 3039 tracturus
329 2973 393 3038 suit.

212 3060 256 3127 Et
275 3062 398 3125 Seruius
418 3059 574 3144 Sulpicius
594 3059 738 3143 insignem
759 3082 819 3121 nou
840 3059 987 3123 immerito
1003 3060 1112 3127 samam

169 3148 261 3212 tribus
277 3148 457 3212 orationibus
477 3146 593 3216 meruit.
643 3144 751 3224 Multa,
768 3146 793 3209 si
811 3168 881 3209 cum
898 3146 1015 3231 judicio
1030 3148 1111 3231 lega·

168 3246 226 3307 tur,
244 3232 326 3296 dabit
340 3233 503 3297 imitatione
518 3233 605 3315 digna
625 3230 751 3294 Cassius
766 3232 917 3294 Severus:
939 3232 1001 3316 qui,
1018 3232 1043 3295 si
1058 3254 1111 3295 ce·

170 3316 240 3377 teris
256 3316 411 3379 virtutibus
427 3319 561 3381 colorem
581 3333 611 3380 et
631 3318 805 3400 gravitatem
824 3318 964 3381 orationis
980 3316 1148 3401 adjecisse

169 3414 227 3477 set,
244 3401 399 3483 ponendus
423 3402 498 3464 inter
520 3402 698 3485 praecipuos
720 3402 806 3467 soret.
853 3402 932 3465 Nam
952 3419 982 3465 et
1002 3403 1111 3485 ingenii

169 3484 327 3574 plurimum
342 3499 387 3547 est
403 3486 431 3547 in
448 3508 497 3563 eo,
509 3496 540 3549 et
555 3488 702 3551 acerbitas
717 3488 790 3551 mira
807 3508 815 3563 ;
838 3502 868 3551 et
883 3488 1030 3550 urbanitas
1044 3487 1110 3571 ejus

170 3580 285 3639 summa
300 3592 308 3633 t
332 3570 386 3635 sed
399 3570 462 3656 plus
475 3574 643 3651 stomacho,
654 3594 743 3657 quam
755 3573 882 3637 consilio
894 3572 987 3637 dedit.
1016 3573 1110 3639 Prae·
