2459 4200
182 249 224 314 4ο
471 263 508 306 rr.
529 265 624 308 raarr
642 261 868 316 enarraturum

182 421 269 504 capua
290 435 359 484 erar
384 416 480 494 Mace,
496 425 523 478 et
541 425 727 482 mederum
742 415 863 480 tabulae
879 416 1004 481 celeber.
1054 415 1124 484 Sin·

181 505 249 589 gula
274 502 352 566 levia
374 517 452 578 suat,
477 516 508 565 et
529 502 722 569 communia:
745 502 884 566 universa
905 525 979 567 vero
1000 517 1123 582 nocem,

182 588 296 658 etiamsi
310 609 370 652 non
384 603 416 652 ut
431 587 562 664 fulmine,
579 601 680 652 tamen
694 602 726 650 ut
740 588 894 670 grandine.

225 674 386 756 Quaedam
402 688 573 758 argumenta
591 694 704 757 ponere
718 673 790 740 satia
805 694 865 736 non
881 687 938 752 est,
954 672 1124 758 adjuvanda

181 775 260 838 aunt,
284 776 338 825 ut:
363 759 515 844 cupiditas
538 780 632 821 cauno
661 759 782 821 sceleris
803 756 872 839 suit
883 780 895 834 ,·
919 779 994 842 qeee
1016 759 1147 821 alteias

181 848 273 931 ejece
289 846 359 923 irc,·
383 855 527 928 quantum
549 843 660 928 efficiet
682 844 717 905 ia
739 844 852 905 calmis
873 844 1030 906 bominum
1052 844 1125 906 rorte

182 929 310 1014 affictio.
358 930 407 994 Ita
419 945 448 994 et
459 930 589 992 firmiora
602 943 685 991 erunt
698 929 774 1012 ipsa,
788 941 819 990 et
831 929 895 1012 plus
908 928 1058 991 habebunt
1070 930 1125 992 de·

181 1017 273 1093 coris,
291 1016 317 1079 si
331 1037 392 1078 non
407 1017 501 1079 nudos
518 1029 548 1078 et
562 1014 645 1082 velut
661 1035 751 1078 carne
766 1013 909 1096 spoliatos
925 1028 1005 1076 artus
1020 1027 1124 1076 osten·

181 1101 287 1164 derint.
322 1100 452 1164 Multum
464 1101 554 1164 etiam
565 1098 667 1175 refert,
679 1098 704 1161 si
719 1113 892 1181 argumento
906 1098 1033 1161 nitemur
1047 1098 1122 1176 odii,

181 1197 284 1250 utrum
299 1188 358 1250 hoc
374 1208 409 1248 cc
424 1187 544 1252 incidie
559 1185 609 1264 sit,
621 1205 664 1248 aa
678 1205 713 1246 cc
728 1185 860 1268 injurie,
872 1204 913 1245 aa
927 1204 963 1245 ec
978 1182 1094 1246 ambitu
1106 1184 1158 1248 dm

180 1283 274 1352 vetus,
292 1295 334 1336 ca
348 1272 486 1335 aarum?
509 1272 651 1332 advertus
668 1265 857 1350 inferiorem,
871 1289 990 1351 parem,
1005 1270 1123 1352 ruperi-

180 1359 291 1424 orcml
322 1359 469 1435 merom,
496 1354 735 1440 propinquum?
781 1355 862 1422 Suos
892 1355 1002 1418 habent
1024 1355 1123 1418 omnia

181 1443 236 1508 ista
252 1456 405 1518 uocatus,
423 1443 506 1506 etad
522 1441 675 1506 utilitatem
691 1439 782 1523 partis
797 1438 874 1524 ejus,
891 1460 979 1523 quam
994 1453 1121 1519 tuemur,

180 1525 336 1596 reserenda
350 1539 428 1594 aunt.

222 1610 291 1678 Neo
313 1624 413 1676 tamen
435 1609 570 1674 omnibus
593 1629 725 1692 semper,
743 1630 818 1691 quae
841 1608 1050 1687 invenerimus,
1075 1631 1158 1674 anre

179 1695 325 1781 gementis
349 1696 516 1764 onerandus
540 1707 587 1762 est
611 1693 730 1780 jude13
754 1694 822 1777 quia
843 1709 874 1758 et
895 1696 1026 1758 taedium
1048 1696 1122 1759 affe·

180 1796 258 1860 runt,
276 1796 307 1850 et
330 1781 422 1848 fidem
448 1781 614 1850 detrabunt.
662 1779 769 1866 Neque
800 1780 880 1844 enirn
905 1795 1004 1865 potest
1024 1779 1123 1866 judex

180 1869 306 1936 credere
325 1868 395 1936 satis
416 1889 484 1936 esse
505 1889 542 1936 ea
561 1865 706 1951 potentia,
724 1886 801 1949 quae
822 1887 882 1928 non
905 1881 1042 1950 putamus
1065 1865 1123 1950 ipsi
1216 1916 1217 1937 ,

179 1953 331 2027 sufficere,
344 1952 395 2036 qui
411 1952 549 2020 diximus·
597 1950 635 2014 In
650 1951 739 2014 rebus
753 1972 827 2016 vero
843 1951 953 2035 apertis
968 1973 1122 2036 argumen·
1216 1946 1217 2009 l

179 2035 235 2105 tari
249 2050 310 2105 tam
326 2037 363 2104 sit
378 2037 510 2116 stultum,
524 2057 613 2127 quam
628 2036 658 2099 in
673 2036 869 2103 clarissimum
885 2034 980 2103 solem
995 2037 1155 2105 mortalem
1216 2044 1217 2069 ¹

178 2120 280 2193 lumen
294 2121 413 2191 inferre.

223 2206 284 2277 Ha
300 2208 420 2294 quidam
440 2207 632 2293 probationes
649 2208 804 2295 adjiciunt,
820 2229 893 2294 quas
906 2207 1053 2273 valeretis
1067 2230 1121 2272 vo·
1215 2165 1216 2252 i

180 2309 262 2373 cant,
279 2295 385 2363 ductas
407 2316 446 2361 ex
467 2294 636 2363 affectibus.
684 2295 788 2379 Atque
806 2294 986 2361 Aristoteles
1001 2294 1121 2379 quidem

179 2382 420 2465 potentissimum
442 2394 526 2464 putat
547 2402 588 2443 ex
609 2402 660 2459 eo,
676 2381 727 2463 qui
746 2380 829 2457 dicit,
846 2381 871 2443 si
885 2382 925 2445 eit
938 2382 986 2443 vir
1001 2381 1122 2444 bonus:

178 2466 262 2548 quod
284 2479 316 2533 ut
338 2466 483 2547 optimum
504 2477 574 2539 est3
597 2464 638 2525 ita
659 2465 747 2547 longe
763 2464 896 2546 quidem,
913 2467 969 2531 sed
991 2465 1155 2550 sequiturss

179 2562 292 2623 tamen,
307 2548 417 2612 vidcti-
465 2544 542 2611 Inde
557 2547 637 2613 enim
652 2547 701 2611 illa
715 2547 823 2614 nobilis
847 2548 956 2614 Scauri
972 2550 1121 2629 defensio,
1214 2551 1215 2576 ¹

187 2632 227 2707 Q.
252 2631 363 2697 Variae
390 2630 589 2695 Sucronensis
611 2632 656 2693 cit
677 2630 845 2697 Aemiliam
872 2635 1023 2699 Scaurum
1045 2656 1122 2702 rem·
1213 2661 1214 2666 ¹

176 2715 334 2799 publicem
353 2716 460 2799 populi
484 2716 619 2777 Romani
636 2717 809 2796 prodidisse
821 2741 832 2795 ,·
855 2718 1006 2784 Aemiliae
1026 2723 1122 2786 Scott-
1213 2673 1215 2820 i

179 2822 233 2867 rue
246 2812 349 2882 neget.
395 2801 455 2869 Cui
471 2800 565 2865 simile
581 2799 723 2883 quiddam
738 2800 847 2867 secisse
864 2804 1031 2887 Iphicrates
1047 2806 1123 2869 dici-

179 2899 236 2962 tur,
261 2886 312 2968 qui
341 2908 411 2953 cum
442 2884 704 2969 Aristophontem,
735 2907 795 2969 quo
825 2905 986 2953 accusante
1017 2890 1155 2955 similises

178 2970 311 3041 criminis
333 2994 401 3039 reus
425 2986 499 3049 erat,
524 2970 747 3053 interrogasset,
765 2970 818 3034 aa
839 2972 866 3035 is
888 2983 1010 3055 accepte
1028 2994 1124 3055 pece-

179 3059 234 3124 m'c
248 3058 466 3141 rempublicam
482 3057 663 3140 proditurus
683 3057 784 3121 essert
806 3058 890 3141 isque
909 3058 939 3121 id
961 3074 1123 3142 negasset3

187 3145 277 3223 de
291 3145 402 3227 igitur,
419 3144 523 3229 inquit,
540 3153 574 3207 te
588 3164 650 3208 noo
657 3140 796 3225 serieres,
812 3163 868 3227 ego
875 3141 943 3225 feci
959 3143 975 3207 t
1211 3145 1212 3148 ’

223 3226 403 3295 Intuendum
419 3245 518 3295 autern
534 3243 576 3307 et,
594 3230 643 3313 qui
659 3230 708 3308 sit,
725 3229 804 3314 apud
820 3251 911 3313 quem
926 3229 1075 3294 dicimus:
1091 3246 1121 3297 et

179 3310 221 3389 id,
239 3313 319 3394 quod
338 3312 379 3375 illi
394 3313 524 3377 maxime
547 3314 701 3397 probabile
723 3316 870 3393 videatur,
887 3316 1097 3399 requirendum
1112 3332 1152 3377 :ae
1210 3361 1211 3370 ,

179 3416 238 3480 qua
254 3397 339 3465 dere
358 3398 449 3463 locuti
470 3420 571 3465 sumus
593 3413 624 3462 et
647 3401 792 3483 prooemii
812 3413 843 3462 et
862 3402 1014 3465 suasoriae
1034 3423 1121 3486 prae·

180 3482 287 3569 ceptis.
336 3480 443 3549 Altera
466 3506 505 3551 ex
528 3484 721 3549 affirmatione
743 3485 881 3570 probatio
903 3501 960 3567 est,
980 3488 1120 3570 Egebat

177 3566 268 3651 secia
298 3570 348 3639 To
366 3570 442 3639 milri
462 3570 517 3637 loc
533 3570 660 3639 dicistis
683 3587 725 3652 et,
749 3568 918 3653 Osociaca
935 3571 1121 3658 indignum!
1171 3564 1179 3577 '
1209 3619 1210 3648 ,
