2459 4200
175 281 238 344 tot
469 293 507 338 u.
526 295 621 340 rann
639 293 863 346 cornrrmsnr

172 469 241 514 cum
261 445 343 510 stilus
364 460 484 510 secreto
500 447 639 530 gaudeat,
656 460 744 529 atque
759 465 864 507 omnes
879 443 1006 507 arbitros
1021 443 1115 508 refor-

169 533 275 610 midet,
287 531 500 616 extemporalis
516 532 596 595 actio
612 530 779 594 auditorum
794 529 970 613 frequentia,
981 543 1014 592 ut
1028 531 1116 594 miles

170 631 315 701 congestu
336 617 497 701 signorum,
515 617 671 680 excitatur.
717 614 857 698 Namque
872 628 902 678 et
918 615 1117 678 difficiliorem

170 703 382 786 cogitationem
402 702 542 786 exprimit
561 716 591 765 et
612 701 735 786 expellit
750 700 870 763 dicendi
891 700 1068 782 necessitas,
1085 714 1117 764 et

171 788 321 852 secundos
336 788 464 872 impetus
486 802 573 871 auget
587 787 726 871 placendi
741 786 863 884 cupido.
912 783 1006 847 Adeo
1029 806 1137 869 prae-s

171 874 263 936 urium
278 873 377 936 omnia
398 886 547 957 spectant,
565 888 596 935 ut
612 872 782 955 eloquentia
796 891 929 954 quoque,
946 890 1115 954 quanquam

132 983 137 990 ⁴
170 958 330 1043 plurimum
345 959 453 1022 habeat
472 959 500 1020 in
521 981 555 1022 se
570 956 742 1040 voluptatis,
759 955 890 1018 maxime
909 969 1008 1018 tamen
1026 977 1115 1039 prae·

170 1043 246 1107 senti
262 1041 359 1106 fructu
375 1043 468 1107 laudis
484 1043 693 1128 opinionisque
708 1043 843 1104 ducatur.

214 1127 282 1192 Nec
298 1129 453 1213 quisquam
476 1142 585 1192 tantum
601 1129 673 1190 fidat
691 1127 821 1211 ingenio,
840 1139 871 1188 ut
889 1124 995 1188 idsibi
1014 1139 1116 1209 speret

171 1213 323 1297 incipienti
339 1215 439 1277 statim
454 1235 544 1298 posse
560 1213 732 1296 contingere
748 1233 757 1288 ;
780 1212 845 1288 sed,
862 1211 940 1274 sicut
957 1210 1148 1294 incogitata

171 1298 252 1362 tione
268 1299 481 1384 praecipimus,
492 1299 532 1363 ita
544 1296 716 1362 facilitatem
731 1296 966 1380 extemporalem
982 1318 1000 1358 a
1015 1296 1114 1378 parvis

172 1383 260 1447 initiis
278 1385 431 1468 paullatim
452 1385 651 1469 perducemus
671 1384 710 1446 ad
730 1402 900 1446 summam:
924 1398 1001 1464 quae
1015 1403 1115 1466 neque

171 1469 287 1550 perfici,
313 1491 410 1552 neque
441 1469 596 1546 contineri,
621 1468 677 1530 nisi
709 1490 773 1544 usu,
803 1479 912 1550 potest.
967 1466 1114 1529 Ceterum

170 1552 327 1635 pervenire
349 1573 387 1614 eo
409 1553 510 1630 debet,
527 1565 559 1615 ut
581 1552 805 1635 cogitationen
826 1551 927 1634 utique
948 1550 1053 1613 melior
1075 1550 1115 1614 sit

170 1636 291 1712 ea,xsed
307 1636 420 1711 tutior;
444 1657 513 1698 cum
535 1637 611 1700 hanc
630 1635 803 1699 facilitatem
825 1658 884 1698 non
907 1657 998 1718 prosa
1019 1637 1150 1699 modors

170 1720 254 1783 multi
281 1720 337 1784 sint
363 1721 530 1799 consecuti,
548 1722 603 1785 sed
633 1721 722 1784 etiam
745 1721 888 1803 carmine,
905 1735 937 1783 ut
952 1720 1116 1804 Antipater

174 1804 330 1886 Sidonius,
347 1821 378 1870 et
393 1806 529 1870 Licinius
547 1805 679 1870 Archias
695 1827 703 1868 r
727 1807 909 1869 credendum
925 1806 1005 1869 enim
1018 1805 1114 1868 Cice·

170 1891 236 1954 roui
252 1905 298 1954 est
313 1913 321 1954 ι
344 1913 404 1956 non
416 1891 485 1976 quia
500 1893 607 1956 nostris
619 1913 738 1977 quoque
752 1891 936 1974 temporibus
950 1912 1010 1954 non
1025 1904 1056 1952 et
1069 1889 1114 1953 fe-

170 1976 266 2037 cerint
281 1977 401 2057 quidam
416 1977 487 2054 hoc,
505 1991 535 2039 et
549 1975 668 2040 saciant.
715 1976 810 2048 Quod
825 1990 924 2039 tamen
942 1997 1002 2038 non
1016 1975 1115 2058 ipsum

170 2069 231 2121 tam
246 2058 400 2142 probabile
421 2074 504 2144 pum,
527 2059 638 2144 (neque
661 2062 739 2125 enim
762 2062 851 2125 babet
872 2075 922 2124 aut
944 2082 1029 2124 usum
1048 2081 1149 2139 res,oo

170 2156 221 2207 aut
235 2145 460 2230 necessitatem)
479 2167 568 2229 quarn
592 2146 783 2210 exhortandis
804 2147 833 2209 in
852 2147 928 2209 hanc
949 2168 1047 2231 spem,
1062 2146 1114 2229 qui

139 2246 140 2251 ’
169 2224 236 2293 foro
252 2245 475 2315 praeparantur,
493 2231 562 2295 utile
582 2234 765 2318 exemplum.
860 2282 863 2286 J

213 2314 322 2402 Neque
337 2338 411 2381 vero
434 2331 545 2383 tantam
567 2340 636 2381 esse
658 2341 787 2403 unquam
806 2318 950 2382 fiduciam
962 2316 1113 2380 facilitatis

170 2401 272 2480 velim,
289 2416 395 2466 utnon
412 2403 504 2467 breve
519 2404 625 2467 saltem
641 2418 770 2487 tempus,
787 2404 868 2487 quod
891 2424 1035 2487 nusquam
1049 2399 1114 2464 fere

65 2551 69 2562 ,
171 2486 277 2564 deerit,
295 2488 332 2550 ad
348 2510 395 2565 ea,
410 2508 486 2570 quae
502 2488 607 2550 dicturi
623 2490 726 2567 simus,
739 2489 923 2572 dispicienda
937 2508 1088 2551 sumamus
1103 2504 1152 2562 32⁵

170 2572 252 2655 quod
267 2571 387 2653 quidem
408 2571 438 2631 in
456 2570 577 2653 judiciis
593 2594 630 2635 ac
646 2572 711 2637 foro
727 2574 812 2635 datur
827 2594 957 2657 semper.
1005 2571 1115 2654 Neque

170 2655 248 2717 enim
271 2654 424 2736 quisquam
456 2669 511 2731 est,
535 2657 584 2737 qui
608 2678 742 2735 causam,
763 2678 852 2740 quam
876 2679 937 2719 non
960 2656 1113 2733 didicerit,

169 2750 246 2819 agat.
294 2736 527 2801 Declamatores
547 2742 692 2821 quosdam
715 2762 855 2821 perversa
871 2742 954 2803 ducit
976 2740 1112 2820 ambitio,

169 2834 200 2883 ut
230 2820 367 2903 exposita
390 2823 593 2885 controversia
622 2825 755 2906 protinus
778 2824 880 2883 dicere
902 2824 1016 2885 velint:
1040 2826 1116 2907 quin

169 2904 270 2981 etiam,
286 2906 367 2989 quod
383 2920 430 2969 est
443 2905 591 2989 imprimis
602 2906 738 2969 frivolum
754 2927 790 2967 ac
806 2906 971 2983 scenicum,
985 2908 1153 2975 verbumao

168 3004 282 3076 petant,
295 3013 355 3076 quo
371 2990 521 3077 incipiant.
572 2991 637 3056 Sed
653 3006 712 3053 tam
728 2990 961 3054 contumeliosos
977 2990 1006 3056 in
1022 3014 1057 3055 se
1072 2996 1115 3057 ri-

171 3076 222 3141 det
237 3077 367 3142 invicem
386 3076 553 3163 eloquentia
570 3098 577 3139 ι
602 3091 632 3139 et
647 3077 697 3161 qui
717 3076 812 3141 stultis
826 3076 921 3140 videri
936 3078 1043 3141 eruditi
1058 3102 1115 3143 vo·

169 3163 243 3239 lunt,
260 3164 339 3226 stulti
356 3164 477 3228 eruditis
489 3162 670 3247 judicantur.

215 3246 250 3309 Si
266 3267 323 3328 qua
347 3262 453 3311 tamen
467 3248 582 3311 fortuna
600 3262 660 3311 tam
675 3249 803 3312 subitam
817 3247 923 3311 fecerit
936 3249 1043 3331 agendi
1058 3271 1112 3313 ne·

169 3329 353 3409 cessitatem,
371 3333 526 3395 mobiliore
545 3332 675 3415 quodam
698 3356 773 3419 opus
797 3334 852 3396 erit
874 3334 1002 3417 ingenio,
1020 3349 1050 3397 et
1064 3335 1150 3399 visas

169 3413 264 3476 omnis
288 3414 465 3480 intendenda
488 3418 588 3496 rebus,
606 3433 638 3481 et
659 3420 689 3481 in
711 3419 878 3503 praesentia
900 3420 1113 3483 remittendum

169 3499 278 3583 aliquid
295 3522 334 3563 ex
350 3522 421 3565 cura
436 3502 607 3583 verborum,
620 3504 645 3567 si
660 3504 804 3587 consequi
819 3518 974 3588 utrumque
989 3526 1048 3566 non
1059 3504 1111 3567 da·

169 3586 257 3649 bitur.
307 3586 389 3649 Turn
413 3603 444 3652 et
470 3588 580 3651 tardior
607 3589 812 3674 pronunciatio
837 3610 936 3653 moras
962 3590 1112 3669 habet,.et
