2459 4200
345 210 664 292 snnncrspuunms
681 213 817 260 essars.
1020 203 1061 262 21

488 559 629 622 CAPUT
648 561 703 622 v1.

386 740 427 782 ΛΝ
442 742 545 783 ursus
561 743 608 784 el'r
622 743 808 788 munemel.

174 879 361 953 Snourrun
390 879 536 962 quaestio,
567 879 620 942 An
649 882 735 946 utitis
763 883 943 948 rhetorice?
985 883 1066 952 Num

126 965 247 1051 quidam
263 965 458 1029 vehementer
475 965 503 1027 in
525 988 591 1029 eam
612 966 711 1030 invehi
732 968 849 1032 solent:
874 983 915 1050 et,
929 973 1010 1056 quod
1025 972 1066 1040 sit

126 1051 374 1134 indignissimum,
392 1049 421 1110 in
436 1051 658 1115 accusationem
674 1054 813 1118 orationis
829 1068 946 1122 utuntur
961 1057 1065 1122 orandi

126 1136 240 1198 viribus
255 1157 263 1196 ι
281 1135 493 1218 Eloquentiam
505 1157 575 1212 esse,
590 1158 666 1220 quae
677 1139 784 1219 poenis
795 1139 905 1222 eripiat
916 1143 1065 1218 scelestum·

107 1221 221 1304 sunjus
230 1217 344 1300 frunda
360 1220 540 1282 damnentur
555 1221 677 1283 interim
693 1223 788 1297 boni,
805 1223 936 1287 consiliu
951 1224 1066 1288 ducun-

128 1315 181 1367 tur
192 1305 227 1366 in
237 1305 348 1388 pejus,·
371 1325 424 1367 nee
440 1305 600 1367 seditiones
615 1306 701 1368 modo
717 1306 878 1390 turbaeque
888 1310 1065 1391 populures,

104 1462 106 1468 ¹
126 1391 180 1452 red
195 1389 276 1453 bellu
292 1390 380 1451 etium
400 1389 603 1472 incupiubiliu
624 1391 815 1469 excitentur,
836 1394 1066 1478 cujusdemque

127 1486 191 1538 tum
206 1476 357 1537 munimus
372 1475 410 1535 sit
426 1495 507 1551 usus,
526 1496 594 1537 cum
605 1497 664 1558 pro
677 1473 774 1558 sultis
788 1489 893 1541 eontra
913 1481 1067 1544 vamtatem

126 1562 216 1622 ualet.
265 1559 346 1622 Nam
364 1573 396 1621 et
416 1558 536 1623 Socrati
555 1560 699 1646 objiciunt
718 1562 839 1641 comici,
855 1565 961 1628 docere
983 1587 1064 1644 eum,

93 1665 119 1706 ro
146 1645 273 1708 uomodo
285 1644 420 1727 pejorem
436 1665 557 1707 causum
575 1647 726 1710 meliorem
742 1645 868 1729 societ:
890 1663 932 1727 et,
949 1665 1064 1728 contra,

128 1667 249 1794 l'isiam
271 1744 303 1792 et
325 1728 469 1811 Gorgiam
492 1730 597 1794 similia
619 1732 691 1795 dicit
712 1732 848 1816 polliceri
871 1732 972 1796 Plato.
1023 1733 1068 1798 Et

126 1816 173 1880 his
188 1815 335 1900 adjiciunt
358 1815 496 1898 exempla
512 1813 701 1880 Graecorum
724 1815 1013 1901 Romanorumque,
1036 1831 1067 1882 et
1133 1836 1137 1842 ·

129 1914 313 1976 enumerant,
339 1899 399 1982 qui,
426 1899 606 1981 perniciosa,
631 1922 691 1963 uon
720 1901 839 1985 singulis
863 1914 987 1981 tantum,
1010 1904 1065 1968 sed

127 1985 217 2049 rebus
233 1986 323 2048 etiam
341 1983 479 2069 publicis,
495 1985 540 2048 usi
562 1985 739 2069 eloquentia,
758 1986 1065 2054 turbaverintcivita·
1132 2025 1140 2032 ·

94 2091 122 2132 1⁵
128 2071 201 2135 tium
217 2084 323 2148 status,
336 2069 385 2132 vel
397 2070 556 2133 everterint
570 2093 577 2133 :
601 2092 699 2156 eoque
711 2086 741 2135 et
752 2069 1065 2139 Lacedaemoniorum

128 2156 250 2221 civitate
264 2156 420 2238 expulsam
435 2175 445 2230 ;
461 2169 491 2218 et
503 2155 632 2219 Athenis
642 2179 772 2241 quoque,
786 2157 835 2221 ubi
847 2171 932 2222 actor
943 2179 1066 2223 movere

130 2237 258 2304 affectus
273 2241 436 2317 vetabatur,
450 2241 532 2301 velut
546 2242 674 2302 recisam
689 2242 792 2304 orandi
807 2255 998 2336 potestatem.

176 2324 249 2395 Quo
261 2325 379 2409 quidem
394 2324 486 2386 modo
502 2345 558 2385 nec
572 2325 665 2385 duces
681 2338 766 2385 erunt
781 2324 878 2399 utiles,
890 2344 947 2385 nec
959 2346 1007 2387 ma
1028 2326 1035 2339 '
1054 2359 1067 2373 ·

130 2422 235 2487 tratus,
253 2431 308 2472 nec
324 2409 484 2485 medicina,
496 2429 553 2471 nec
570 2408 636 2491 ipsa
651 2407 778 2491 denique
793 2406 948 2492 sapientie.
987 2347 1067 2474 ἐξ]

92 2509 162 2557 suet
188 2495 248 2557 dux
274 2493 451 2571 Flaminius,
478 2506 507 2556 et
534 2492 679 2571 Gracchi,
710 2493 873 2573 Saturnini,
905 2493 1064 2577 Glauciae,

129 2579 317 2663 magistratus
332 2600 340 2654 ;
363 2592 393 2641 et
407 2578 436 2639 in
452 2579 576 2641 medicis
594 2600 720 2655 venena,
736 2594 767 2643 et
781 2580 811 2641 in
826 2579 873 2658 iis,
890 2581 940 2664 qui
954 2583 1065 2666 philos-

130 2665 277 2747 ophorum
293 2664 412 2726 nomine
428 2663 504 2725 male
520 2677 649 2741 utuntur,
666 2664 839 2747 gravissima
858 2685 1066 2750 nonnunquam

130 2748 239 2831 flagitia
252 2749 440 2833 deprehensa
454 2761 529 2811 sunt.
570 2747 667 2812 Cibus
682 2770 873 2834 aspernemur
885 2770 895 2825 ;
909 2752 1067 2815 attulerunt

130 2855 221 2917 saepe
253 2834 426 2897 valetudinis
457 2854 586 2898 causas:
609 2856 758 2918 nunquam
780 2849 860 2899 tecta
882 2835 1065 2911 subeamus3

11 2920 12 2925 ’
93 2938 220 3001 ussuper
235 2919 399 2981 habitantes
415 2917 570 3001 aliquando
586 2920 785 3003 procumbunt
801 2940 809 2979 ι
831 2940 892 2982 non
907 2918 1067 2983 fabricetur

129 3003 214 3065 militi
230 3004 343 3086 gladius
356 3023 365 3078 ;
388 3017 487 3087 potest
498 3004 538 3067 uti
551 3004 660 3066 eodem
672 3001 750 3065 ferro
760 3005 845 3064 latro.
880 3002 959 3071 Quis
970 3004 1068 3065 nescit

130 3088 227 3169 ignes,
244 3108 345 3171 aquas,
363 3088 426 3151 sine
463 3088 546 3153 uibus
567 3086 647 3149 nulla
664 3087 702 3147 sit
716 3086 798 3158 vita3
822 3098 853 3145 et
872 3086 923 3165 (ne
943 3085 1066 3150 terrenis

22 3230 34 3254 ,
130 3172 287 3253 immorer)
316 3172 420 3236 Solem
478 3192 639 3257 unamque,
659 3167 819 3253 praecipua
847 3167 989 3250 siderum,
1013 3172 1066 3236 ali·

130 3257 252 3343 quando
268 3256 356 3341 etiam
373 3256 513 3320 nocere?

93 3362 122 3403 so
174 3340 255 3404 Num
265 3343 352 3426 igitur
366 3340 520 3425 negabitur
532 3339 697 3403 deformem
713 3338 822 3425 Pyrrhi
836 3363 944 3427 pacem
955 3366 1067 3408 caecus

129 3427 180 3489 ille
197 3426 318 3512 Appius
336 3427 456 3491 dicendi
476 3426 587 3489 viribus
611 3426 793 3491 diremisse?
815 3442 866 3491 aut
886 3449 945 3491 non
968 3430 1067 3491 divina

131 3510 179 3575 Μ.
199 3512 294 3577 Tullii
310 3512 479 3595 eloquentia
494 3526 524 3575 et
539 3526 643 3575 contra
659 3512 740 3598 leges
756 3512 900 3597 Agrarias
916 3509 1065 3597 popularis
