2459 4200
369 251 522 300 aaaron
540 247 690 308 cuzuin
707 257 844 305 crrrrr.
1051 249 1092 310 db

150 401 311 548 pppedam,
328 415 360 466 ut
375 424 392 465 a
407 401 561 468 Cicerone
581 405 757 486 aularum,
775 424 806 473 et
827 411 866 474 ab
882 409 991 476 Asinio
1009 413 1093 480 Fim-

198 497 284 550 alam
299 501 331 550 et
346 488 538 570 digamiam.

192 570 292 634 Multa
318 593 359 634 ex
382 573 505 636 Graeco
527 572 654 639 sormam
678 598 769 655 nova,
786 599 823 642 ac
845 580 1004 664 plurimae
1020 583 1093 649 Ser·

149 656 199 739 gio
221 655 344 734 Flavio,
361 679 486 741 quorum
506 659 578 722 dura
601 663 746 744 quaedam
769 665 931 728 admodum
944 665 1092 746 videntur,

129 755 184 802 sur
200 761 260 817 am,
278 756 309 804 et
324 742 474 804 manaa:
496 763 573 826 quae
589 767 643 808 cur
657 761 814 831 tantopere
831 771 1033 833 aspernemur,
1049 754 1093 815 ni·

150 825 193 886 hil
208 825 307 905 video,
324 827 379 890 nisi
396 828 477 911 quod
499 828 587 912 iniqui
606 829 728 928 judices
749 834 892 898 adversus
907 856 963 898 nos
978 857 1091 914 sumus,

149 909 278 994 ideoque
294 926 470 995 paupertate
486 934 632 978 sermonis
647 916 825 980 laboramus.

192 994 353 1066 Quaedam
376 1011 475 1062 tamen
497 999 667 1081 perdurant.
724 1001 804 1065 Nam
827 1017 868 1081 et,
893 1025 969 1104 quae
990 1019 1093 1070 vetera

148 1101 227 1142 nuuc
250 1095 329 1158 sunt,
347 1079 462 1146 fuerunt
485 1083 557 1146 olim
579 1106 669 1162 nova,
683 1102 714 1148 et
734 1089 879 1170 quaedam
902 1111 932 1152 m
953 1113 1008 1153 usu
1023 1111 1092 1174 per·

113 1182 240 1247 acquam
266 1165 410 1242 recentia,
434 1181 465 1230 ut
493 1166 640 1232 Messalla
662 1171 775 1254 primus
800 1183 929 1250 reatum,
953 1193 1094 1236 marcra-

149 1249 234 1311 riam
255 1247 408 1333 Augustus
430 1253 556 1337 primus,
573 1254 719 1316 dixemnt.
767 1256 939 1329 Piraticcm
960 1277 1091 1340 quoque,

150 1347 182 1396 ut
208 1335 353 1397 musicam
366 1334 537 1416 fabricam,
556 1336 616 1399 dici
632 1338 730 1401 adhuc
746 1339 918 1404 dubitabant
931 1341 992 1403 mei
1006 1361 1093 1425 praa·

148 1432 300 1502 ceptores.
356 1421 516 1498 Facerem,
542 1433 572 1483 et
592 1421 756 1500 arbanam,
784 1423 898 1488 Cicero
921 1446 1001 1488 nova
1027 1446 1093 1489 cre·

148 1503 201 1566 dit.
249 1502 330 1567 Nam
346 1519 376 1567 et
390 1505 420 1568 iu
436 1503 562 1589 epistola
578 1507 616 1570 ad
632 1506 771 1585 Brutum,
785 1507 881 1586 Eam,
893 1508 997 1593 iuquit,
1010 1529 1092 1572 amc·

113 1607 222 1666 isram,
248 1598 277 1650 at
298 1609 365 1652 cam
394 1589 441 1673 (ct
465 1591 519 1652 lmc
543 1591 632 1653 carbo
652 1591 736 1676 mar)
761 1590 903 1673 focarem
924 1594 961 1655 ia
982 1595 1092 1657 conmi-

147 1671 212 1735 iam
235 1673 398 1736 advocabo.
445 1671 488 1736 Et
511 1674 549 1736 ad
566 1672 701 1760 Appium
725 1676 902 1754 Pulchrum,
932 1677 975 1738 Tc
997 1679 1093 1740 bomi-

148 1777 216 1820 acm
238 1779 302 1820 aaa
323 1759 420 1823 eclam
441 1761 616 1841 sapientem,
632 1781 736 1822 aarum
758 1761 849 1822 etiam
875 1761 923 1842 (at
944 1781 1027 1822 nanc
1051 1761 1093 1824 la·

151 1842 287 1924 palmer)
315 1843 475 1905 urbanam.
524 1842 611 1906 Idem
637 1856 721 1927 putat
746 1865 764 1907 a
792 1842 940 1906 Terentio
966 1842 1094 1928 primum

152 1926 263 1989 dictum
286 1947 351 1990 esse
373 1927 547 2010 obsequium
558 1949 570 2004 ,·
593 1927 747 1991 Caecilius
769 1949 787 1991 a
812 1927 952 2006 Sisenna,
969 1926 1094 1991 albem

111 2013 240 2075 maccla.
291 2011 446 2075 Cercinam
467 2012 585 2074 videtur
611 2011 795 2077 Hortensius
818 2015 932 2101 primus
954 2013 1091 2078 dixisse:

147 2118 216 2160 nam
231 2111 350 2161 veteres
366 2095 516 2182 pluraliter
531 2098 690 2181 appellant.

193 2182 377 2245 Audendum
397 2183 507 2266 itaque.
555 2182 663 2265 Neque
684 2183 763 2245 enim
784 2186 903 2245 accedo
917 2184 1025 2259 Celso,
1043 2185 1094 2265 qui

149 2267 186 2329 ab
212 2282 330 2330 oratore
348 2268 440 2330 verba
463 2267 530 2349 fingi
552 2280 644 2328 vetat.
700 2266 792 2343 Nam,
814 2286 885 2327 cum
908 2267 967 2328 siut
989 2278 1095 2329 eorum

149 2351 205 2415 alia
224 2353 270 2435 (ut
295 2351 367 2415 dicit
391 2352 519 2433 Cicero)
547 2350 658 2426 nativa,
687 2349 717 2410 id
745 2363 803 2425 est,
829 2368 906 2430 quae
932 2348 1094 2430 significata

6 2430 8 2449 '
112 2451 214 2500 assunt
229 2436 328 2520 primo
343 2457 432 2500 sensu
449 2458 456 2497 :
479 2436 535 2498 alia
551 2448 681 2518 reperta,
697 2454 775 2517 quae
793 2454 834 2495 ex
848 2432 893 2496 his
908 2430 988 2495 sacta
1003 2446 1069 2495 sunt
1085 2455 1092 2492 :

148 2535 180 2583 ut
195 2521 260 2606 jam
280 2521 366 2585 nobis
385 2542 497 2605 ponere
518 2520 587 2595 alia,
604 2540 693 2603 quam
707 2539 783 2602 quae
798 2518 840 2582 illi
854 2518 944 2581 rudes
958 2518 1093 2581 homiues

148 2607 294 2690 primique
319 2604 468 2683 fecerunt,
491 2604 535 2668 t'as
561 2624 621 2667 non
647 2604 706 2680 sit;
728 2617 759 2666 at
784 2604 933 2681 derivare,
956 2604 1092 2681 flectere,

149 2690 343 2774 conjungere,
368 2691 450 2773 quod
471 2690 546 2753 natis
569 2702 675 2772 postea
697 2709 878 2753 concessum
899 2702 957 2766 est,
974 2689 1094 2773 quando

149 2774 240 2838 desiit
269 2774 390 2839 licere?
444 2774 499 2852 Et,
526 2774 550 2837 si
580 2774 653 2857 quid
672 2773 869 2858 periculosius
897 2773 1021 2837 finxisse
1049 2773 1094 2833 vi·

113 2859 296 2937 udebunur,
321 2860 499 2943 quibusdam
521 2858 661 2923 remediis
685 2858 946 2941 praemuniendum
969 2871 1026 2933 est,
1055 2854 1115 2918 m-

146 2944 192 3008 ila
207 2944 310 3007 dicam
321 2966 333 3022 ,·
362 2945 398 3006 sr·
421 2946 491 3007 licct
513 2944 636 3017 dicarc3
666 2943 808 3018 Quadam
830 2942 917 3004 modo
929 2963 941 3015 ‚·
966 2939 1095 3001 Permit-

148 3029 200 3091 tite
214 3030 293 3091 mibi
307 3030 350 3091 sic
366 3029 422 3091 uri.
469 3029 565 3100 Quod
586 3027 668 3089 idem
689 3026 780 3087 etiam
798 3026 828 3085 in
847 3023 988 3115 iis‚·qpae
1002 3022 1095 3080 licen·

149 3113 209 3175 tius
224 3114 362 3177 annulata
373 3128 468 3192 erunt,
480 3111 627 3197 proderit,
639 3128 716 3191 quae
731 3128 791 3167 non
806 3118 871 3166 tuto
883 3103 943 3163 dior
959 3116 1092 3185 possrmt.

150 3193 189 3258 In
201 3216 262 3280 quo
276 3219 334 3261 non
348 3198 408 3263 salli
425 3198 567 3263 'odicium
582 3207 728 3268 nostmm,
738 3186 937 3253 sollicitudine
952 3187 1017 3287 ipsa
1031 3208 1095 3253 ma·

114 3279 288 3345 asuisestum
300 3283 365 3347 erit.
442 3306 479 3347 ua
493 3283 575 3344 dere
588 3277 743 3342 Graecum
759 3274 830 3338 illud
846 3273 1096 3357 elegantissimum

149 3378 206 3445 est,
224 3386 285 3450 quo
299 3369 493 3453 pmecipitur,
509 3376 742 3453 agosnmtlcaen
756 3374 790 3452 τῇ
804 3368 948 3451 ὑπερβολῇ.

193 3450 355 3516 Translata
370 3453 501 3537 probari,
513 3453 569 3517 uisi
584 3454 613 3516 in
630 3467 773 3517 contextu
787 3450 945 3528 sermonis,
956 3468 1016 3511 non
1025 3464 1096 3527 poa·

150 3549 225 3599 mm.

407 3626 449 3685 θ’
