2459 4200
324 289 479 335 errrore
495 289 645 344 nunnae«
661 289 799 336 carrea.
999 279 1063 344 1oe

115 439 228 500 tmnem
244 437 425 502 desiderant.
474 441 527 504 An
550 441 693 506 similibus
709 441 824 506 Cicero
846 467 916 508 ιιιιιι
938 462 986 510 est
1005 467 1060 509 ιιιι·

115 523 204 586 mm
216 524 248 585 in
257 525 385 586 exordio
398 547 453 609 pro
466 525 595 605 Milone,
607 549 663 612 pro
674 528 830 605 Cluentio,
840 551 895 612 pro
906 530 1032 616 Ligario
1045 531 1059 594 l

157 607 299 671 Narratio
313 607 377 672 fere
391 611 547 690 tardiores,
561 626 660 696 etque,
677 613 769 676 uteie
783 615 921 691 diresin,
938 618 1059 683 modus·

114 695 207 757 tiores
221 693 371 756 desiderat
383 697 489 778 pedes,
501 698 680 761 stolonibus
691 699 822 762 maxime
832 699 954 763 mixtos.
978 700 1058 766 Nem

11 785 12 790 ’
94 793 147 843 set
160 779 311 856 verbnm
326 781 446 862 saepius
463 803 566 866 pressa
581 783 692 860 est,ite
706 783 823 845 interim
836 783 881 846 ins
936 785 979 847 it:
1002 786 1058 850 sed

11 927 12 934 ,
116 865 231 927 dooere
245 877 275 926 et
288 863 412 946 infigere
421 866 527 930 animis
540 889 589 932 res
604 889 724 950 semper
735 868 860 950 eupit‚q
936 869 1059 934 minime

113 948 315 1012 festinantium
338 969 414 1032 opus
439 966 512 1014 est..
542 951 593 1016 Ao
617 953 689 1014 mibi
707 953 825 1015 videtin
846 967 908 1016 totu
928 956 1058 1020 namatio

114 1048 252 1098 constare
268 1032 449 1116 longioribus
464 1037 619 1114 membris,
636 1037 822 1101 brevioribus
836 1039 978 1121 periodis.

158 1117 350 1201 Argumenta
371 1119 449 1184 aeria
472 1135 502 1183 et
523 1122 613 1185 citata
636 1122 762 1206 pedibus
780 1143 900 1208 quoque
919 1125 958 1188 ad
978 1124 1059 1192 hane

85 1217 247 1272 araturam
269 1205 507 1270 accommodatis
532 1221 661 1284 utentur,
678 1227 740 1268 non
761 1221 860 1270 tamen
881 1206 924 1270 ita
944 1223 974 1270 ut
994 1223 1061 1271 tro*

11 1313 13 1366 †
115 1289 233 1366 obesis,
243 1310 320 1372 quae
335 1289 446 1352 celeria
461 1290 595 1374 quidem,
605 1291 664 1354 sed
676 1290 740 1354 sine
753 1289 864 1354 viribus
878 1305 956 1355 suut.
991 1291 1055 1356 Ve-

11 1407 12 1440 i
115 1394 181 1435 rum
196 1373 331 1456 quamvis
352 1374 410 1436 sint
427 1375 567 1437 brevibus
585 1373 740 1471 longisque
761 1373 869 1450 mixta,
883 1395 942 1440 noa
958 1388 1061 1442 tameo

11 1507 12 1520 t
114 1458 213 1541 plures
229 1458 444 1542 longas,quam
460 1460 566 1522 breves
582 1459 730 1524 habentia.
766 1455 822 1522 Illa
837 1459 972 1524 sublimia
986 1484 1055 1544 spa·

11 1523 13 1590 l
114 1541 205 1608 tiosas
220 1542 376 1628 clarasque
391 1565 484 1607 voces
501 1544 619 1622 habent,
631 1558 730 1607 amant
745 1543 968 1627 amplitudinem
982 1547 1059 1610 dac·

11 1609 13 1666 l
85 1627 168 1710 rstyli
182 1649 316 1711 quoque,
332 1649 368 1692 ao
387 1629 522 1713 paeonis,
540 1629 657 1692 etiamsi
680 1629 794 1714 majore
811 1650 851 1692 ex
866 1643 951 1728 parte
966 1632 1054 1714 sylle-

115 1713 158 1776 bis
189 1713 341 1790 brevibus,
359 1714 541 1797 temporibus
568 1728 668 1776 tamen
697 1714 768 1777 satis
794 1714 885 1794 plens.
934 1713 1055 1797 Aspera

11 1861 12 1872 ,
114 1813 218 1862 contra
245 1793 349 1860 iainbis
380 1799 510 1862 maxime
536 1799 828 1860 cenomannum
851 1797 949 1859 solnm
972 1800 1054 1880 quod

114 1896 182 1946 sunt
198 1903 215 1944 e
231 1883 342 1945 duabus
358 1885 449 1948 modo
465 1883 599 1966 syllabis,
614 1903 711 1966 eoque
726 1880 956 1964 frequentiorem
970 1883 1060 1964 quasi

113 1967 235 2052 pulsum
260 1967 383 2046 babent,
398 1989 477 2051 quae
507 1989 555 2030 res
583 1965 695 2030 lenitati
724 1965 873 2030 contrarie
900 1980 970 2030 esta
998 1968 1057 2032 sed

11 2091 13 2133 p
82 2052 209 2117 nedem
229 2053 309 2139 quud
332 2053 469 2117 onmibns
492 2053 618 2137 pedibus
640 2053 805 2136 insurgat,
820 2065 851 2115 et
873 2072 893 2117 ι
916 2053 1056 2121 breribm

112 2138 143 2200 in
160 2139 264 2225 longas
283 2138 412 2205 nituntur
432 2153 462 2224 et
483 2153 650 2203 creseunt:
670 2138 802 2221 ideoque
822 2138 962 2201 meliores
984 2139 1059 2201 eleo·

11 2228 12 2237 ’
113 2224 183 2301 reis,
197 2224 247 2307 qni
264 2224 413 2306 oblongis
427 2224 458 2285 in
472 2225 580 2287 breses
594 2224 715 2285 caderet.
765 2222 1060 2302 Summamque&

113 2308 142 2370 in
157 2308 297 2393 epilogis,
311 2307 410 2371 lentas
428 2322 459 2371 et
477 2310 554 2394 ipsa,
571 2308 627 2369 sed
648 2305 745 2369 minus
766 2304 968 2392 essebonum
989 2304 1060 2365 exi--

11 2548 12 2559 ¹
78 2500 106 2539 ss
155 2479 233 2542 Vult
246 2477 438 2543 esseCslsus
454 2479 580 2561 aliquam
596 2489 627 2538 et
641 2474 825 2563 superiorem
840 2473 1054 2557 compontion·

109 2584 172 2643 ern,
190 2582 281 2648 quam
305 2564 447 2647 squidem
467 2564 492 2627 si
514 2563 636 2638 scirem,
652 2582 713 2623 non
734 2560 880 2646 docerem
893 2581 912 2620 ι,
924 2559 980 2623 sed
1001 2558 1059 2637 sit,

109 2668 238 2713 neeesse
254 2664 311 2726 est,
328 2648 414 2713 tarda
429 2665 459 2711 et
477 2649 590 2732 supina.
638 2646 757 2710 Verum
769 2645 825 2707 nisi
840 2666 880 2709 ex
895 2644 994 2709 serbis
1008 2659 1057 2709 st*

11 2756 12 2761 ¹
109 2754 171 2819 que
193 2735 345 2797 sententiis
368 2754 425 2818 per
444 2756 512 2797 sese
532 2734 562 2797 id
584 2733 745 2817 quaeritur,
762 2731 834 2795 satis
855 2731 963 2795 odiosa
984 2752 1058 2795 esse

109 2840 170 2882 nun
187 2820 305 2903 peterit.
344 2820 346 2827 '

11 2972 13 3005 ‚
80 2930 102 2973 a
153 2904 313 2989 Denique,
327 2920 360 2968 nt
387 2905 481 2967 semel
510 2905 621 2983 liniam,
639 2904 683 2967 sic
706 2901 773 2966 lere
795 2903 1057 2986 componendum,

11 3006 13 3077 i
108 2992 264 3075 ammodo
287 2990 553 3074 pronunciandum,
571 2990 636 3053 erit.
684 2988 735 3048 An
757 2986 868 3079 nonin
891 2984 1059 3078 prooemiis

11 3080 12 3083 ’
108 3076 286 3159 primumque
301 3075 461 3151 summissi,
479 3074 549 3157 (nisi
564 3094 633 3135 sum
649 3072 679 3132 in
693 3082 885 3131 accusatione
900 3081 1059 3128 concitae-2

109 3161 170 3223 dus
184 3174 231 3223 est
246 3160 353 3244 judex,
368 3176 418 3224 ant
438 3161 536 3243 aliqua
550 3153 751 3237 indignatione
765 3148 1006 3232 compellendus)
1023 3148 1059 3213 io·

108 3244 281 3308 namatium
292 3247 373 3329 pleni
387 3261 477 3329 atque
492 3241 639 3327 expressi,
657 3239 686 3302 in
704 3235 885 3334 argumentis
897 3234 1058 3334 limisit·

79 3350 169 3414 ssque
187 3331 256 3415 ipso
275 3334 368 3395 etiarn
386 3346 469 3395 motu
484 3330 599 3393 celeres
615 3324 745 3390 sumus?
766 3337 798 3385 ut
812 3344 842 3385 ιιι
856 3322 932 3385 loeis
947 3343 984 3386 eu
998 3324 1060 3387 de*

108 3417 324 3501 scriptionibus
337 3417 395 3480 lusi
410 3438 446 3479 ae
462 3416 598 3488 fluentes,
616 3411 646 3474 in
667 3409 792 3509 epilogis
811 3409 985 3499 plerumque
999 3410 1053 3478 de·

105 3499 181 3585 juoti
206 3516 242 3565 et
264 3501 410 3565 instrasti?
456 3499 551 3585 Atqui
577 3519 712 3581 corporis
733 3518 853 3581 quoque
879 3495 971 3558 motui
997 3510 1057 3585 sun

109 3588 261 3669 quem
272 3603 423 3671 tempora,
440 3600 469 3651 et
484 3584 568 3669 signa
583 3584 693 3668 pedum
708 3604 766 3647 non
783 3581 880 3645 minus
892 3575 1056 3650 walion„
