2459 4200
159 257 220 320 124
443 271 480 314 rr.
500 270 594 316 rann
613 269 838 322 eurnrmmnr

155 423 216 488 mul
230 420 361 486 Athenis
377 436 459 486 aetas
475 441 531 490 una
547 421 657 485 tulerit.
697 419 837 494 Quorum
850 421 938 504 longe
954 419 1097 505 princepe

154 507 378 585 Demosthenen,
392 528 430 570 ao
446 528 542 591 paene
558 506 609 570 lex
624 507 727 571 orandi
742 505 796 570 luit
812 528 819 568 :
843 520 923 570 tanta
937 507 983 569 vis
997 506 1027 570 in
1042 528 1095 586 eo,

154 607 214 658 tam
229 593 321 656 densa
336 591 446 670 omnia,
460 593 499 656 ita
514 593 691 676 quibusdam
705 592 804 656 nervis
819 592 929 656 intenta
944 606 1021 669 sunt,
1032 606 1095 656 tam

152 677 224 742 nihil
238 677 379 754 otiosum,
391 678 416 741 is
428 677 548 742 dicendi
563 679 683 755 modus,
694 693 727 741 ut
741 699 799 742 neo
832 679 891 741 uod
907 677 983 740 desit
997 677 1027 740 in
1041 698 1093 756 eo,

152 784 210 828 nee
225 764 306 848 quod
321 763 467 826 redundet
482 763 626 826 invenias.
667 762 790 826 Plenior
801 699 977 840 lectites,
989 777 1019 826 et
1033 785 1120 826 mer-s

152 849 198 932 gie
216 847 310 926 susus,
327 863 358 912 et
379 848 527 932 grandiori
550 848 666 924 similis,
682 870 743 932 quo
765 847 860 911 minus
882 848 1002 911 strictus
1024 862 1095 912 est:

153 934 250 998 uernis
266 947 364 998 tamen
378 934 444 1018 plus
459 934 561 1012 habet,
573 933 670 998 minus
684 933 874 996 lacertorum.
913 931 1025 997 Dulcis
1042 933 1097 998 im·

153 1018 254 1102 primis
277 1034 308 1082 et
330 1034 435 1082 acutus
454 1019 649 1103 Hyperiden:
671 1019 727 1082 sed
749 1017 911 1081 minorihus
935 1018 1045 1097 causis,
1063 1031 1098 1082 ut

151 1124 209 1166 aon
224 1103 352 1167 dixerim
366 1103 475 1181 utilior,
492 1104 585 1188 magis
601 1125 665 1188 par.

196 1187 256 1252 His
281 1203 379 1252 aetate
401 1188 513 1273 Lysim
537 1189 646 1274 major,
662 1188 777 1251 subtilis
801 1204 890 1272 etque
914 1188 1046 1271 elegans,
1063 1202 1132 1252 etro

152 1295 212 1356 que
232 1274 314 1351 nihil,
332 1275 357 1338 si
378 1275 488 1338 oratori
509 1275 579 1338 satis
598 1290 679 1338 esset
693 1274 819 1349 docere,
836 1294 960 1358 quaeras
976 1273 1093 1357 persee-

151 1359 208 1422 tius
225 1379 233 1420 ι
256 1360 327 1422 nihil
340 1360 418 1424 enirn
431 1375 477 1424 est
489 1359 586 1437 inane,
598 1360 670 1422 nihil
684 1359 860 1423 arcessitum
876 1380 884 1435 3
907 1381 983 1443 puro
995 1373 1094 1424 tamen

149 1441 235 1519 fonti,
247 1465 336 1526 quam
351 1467 459 1527 magno
472 1445 582 1507 flumini
597 1444 730 1527 propior.

194 1527 340 1590 lucram
362 1529 391 1590 in
412 1529 532 1592 diuerso
547 1550 659 1612 genere
674 1529 794 1592 dicendi
812 1528 921 1592 nitidus
940 1543 970 1591 et
988 1551 1092 1614 comp·

150 1625 208 1688 tus,
225 1625 256 1673 et
277 1612 453 1695 palaestrae,
471 1634 560 1695 quam
575 1635 704 1697 pugnae,
722 1613 816 1696 magis
832 1615 1091 1694 accommodatus,
1102 1639 1131 1681 rt

149 1715 255 1760 omnes
275 1697 394 1760 dicendi
418 1697 555 1762 Veneres
580 1712 711 1762 sectatus
739 1715 809 1774 est3
839 1700 1092 1764 necimmerito:

149 1781 302 1846 auditoriis
324 1783 402 1846 enim
427 1805 472 1861 se,
489 1805 547 1846 non
560 1783 682 1868 judiciis
705 1799 915 1868 compararat:
938 1786 967 1847 in
989 1786 1092 1849 inven-

149 1867 230 1930 tione
252 1866 359 1946 saeilis,
383 1869 499 1932 honesti
522 1870 694 1933 studiosus:
721 1869 991 1955 incompositione
1014 1872 1092 1935 adeo

148 1951 284 2034 diligens,
297 1967 328 2016 ut
339 1975 410 2016 cura
425 1953 490 2037 ejus
505 1956 749 2036 reprehendatur.

190 2035 297 2119 Neque
317 2057 374 2121 ego
395 2037 424 2098 in
447 2038 504 2115 his,
522 2040 681 2122 dequibus
704 2041 821 2103 locutus
844 2062 921 2119 sum,
939 2041 993 2105 has
1012 2041 1127 2107 solasau

56 2174 60 2177 .
147 2122 281 2199 virtutes,
299 2124 353 2185 sed
375 2123 427 2185 has
450 2123 625 2208 praecipuas
647 2139 745 2207 puto:
768 2147 825 2188 nec
847 2140 966 2189 ceteros
985 2148 1091 2210 parum

146 2206 239 2273 nisse
250 2230 386 2293 magnos.
425 2208 508 2281 Quin
524 2209 614 2273 etiam
628 2211 780 2274 Phalerea
796 2210 877 2273 illum
888 2211 1088 2293 Demetrium,

147 2314 312 2379 quanquam
329 2296 353 2359 is
370 2294 481 2379 primus
497 2295 654 2361 inclinasse
671 2297 866 2381 eloquentiam
882 2298 1000 2375 dieitur,
1014 2298 1089 2361 mul·

147 2392 209 2443 tum
225 2381 332 2465 ingenii
347 2382 485 2445 habuisse
502 2396 535 2445 et
544 2380 700 2447 facundiae
712 2381 819 2460 fateor,
831 2384 880 2446 vel
895 2384 935 2446 oh
950 2384 1009 2447 hoc
1025 2405 1089 2447 me·

146 2465 240 2527 moria
256 2466 388 2547 dignum,
400 2468 480 2548 quod
497 2467 614 2529 ultimus
631 2467 754 2531 estsere
770 2490 809 2530 ex
823 2468 948 2545 Atticis,
961 2469 1011 2551 qui
1028 2468 1125 2533 dicias

148 2549 241 2630 possit
252 2564 352 2611 orator
368 2570 375 2609 ε
400 2571 488 2630 quem
504 2552 649 2614 tamenin
665 2552 715 2614 illo
730 2553 832 2614 medio
846 2575 956 2635 genere
968 2554 1089 2617 dicendi

145 2630 273 2713 praefert
292 2632 428 2703 omnihus
444 2632 568 2695 Cicero.

189 2714 456 2795 Philosophorum,
475 2718 635 2799 exquibus
655 2720 814 2802 plurimum
832 2743 867 2783 se
882 2724 1008 2787 traxisse
1025 2725 1087 2787 elo·

144 2798 280 2879 quentiae
309 2796 355 2859 M.
373 2799 490 2861 Tullius
515 2802 685 2879 confitetur,
702 2804 768 2885 quis
791 2805 906 2868 dubitet
927 2808 1088 2873 Plutonem

143 2902 210 2945 esse
241 2882 445 2965 praecipuum,
468 2884 531 2947 sive
562 2887 698 2949 acumine
728 2888 905 2963 disserendi,
929 2891 992 2953 sive
1022 2894 1123 2961 elo-an

143 2966 251 3052 quendi
267 2966 406 3033 facultate
428 2969 525 3032 divina
541 2970 669 3054 quadam
689 2986 718 3035 et
741 2972 937 3038 Homerica?
962 2977 1086 3043 multum

142 3054 221 3117 eninr
233 3076 321 3139 supra
334 3077 452 3138 prosam
463 3056 639 3135 orationem,
648 3074 679 3121 et
688 3080 777 3142 quam
788 3059 960 3142 pedestrem
971 3060 1086 3127 Graeci

143 3154 262 3217 vocant,
281 3142 396 3223 surgit:
421 3156 452 3205 ut
472 3141 543 3205 milri
565 3164 626 3207 non
646 3144 772 3208 hominis
793 3144 922 3228 ingenio,
940 3149 994 3212 sed
1010 3170 1085 3233 quo·

142 3223 210 3283 darn
228 3224 382 3307 Delphico
398 3228 532 3291 videatur
547 3230 669 3291 oraculo
686 3230 851 3294 instinctus.

185 3304 269 3375 Quid
290 3330 347 3389 ego
369 3332 605 3376 commemorem
624 3316 831 3399 Xenophontis
850 3317 927 3380 illam
942 3317 1118 3403 jucundi-as

82 3388 90 3397 ⁸
142 3403 232 3454 tatem
251 3390 463 3472 inaffectatam,
481 3400 534 3460 sed
551 3421 640 3481 quam
661 3400 741 3463 nulla
763 3403 907 3486 consequi
929 3404 1082 3468 affectatio

141 3475 264 3560 possit?
289 3490 319 3538 ut
340 3477 422 3559 ipsae
440 3502 608 3546 sermonem
632 3486 752 3549 finxisse
769 3484 892 3550 Gratiae
912 3487 1080 3571 videantur,

141 3574 182 3639 et,
200 3562 281 3645 quod
297 3562 335 3625 de
351 3560 472 3640 Pericle
488 3569 597 3633 veteris
613 3571 790 3634 comoediae
805 3573 1007 3638 testimonium
1023 3591 1081 3655 est,
