2459 4200
346 305 500 364 censoru
518 319 667 372 euentu
685 323 819 368 caetra.
1026 296 1067 374 'tt

123 470 184 529 don
203 467 420 553 interrogantes
441 485 633 554 percontetur
651 471 738 535 ultro.
786 471 822 537 In
836 475 991 540 laudandis
1006 475 1068 542 dis·

122 553 295 636 cipulorum
311 554 488 618 dictionibus
507 577 564 618 nec
585 557 743 641 malignus,
758 580 817 622 neo
840 561 975 638 effusus3
997 563 1067 646 quia

123 643 173 700 'res
189 637 284 716 al'te'ra
298 639 429 702 taedium
443 639 564 719 laboris,
582 643 676 706 altera
689 644 880 708 securitatem
949 647 981 710 it.
1029 647 1067 714 In

125 724 316 787 emendando
339 747 416 810 quae
439 726 612 810 corrigenda
636 739 734 806 erunt,
751 752 810 793 non
825 668 965 810 acerllis,
981 733 1066 796 mini·

104 815 234 892 sineque
251 809 506 873 contumeliosus:
530 817 597 875 nain
614 812 644 875 id
660 814 781 897 quidem
796 816 905 880 multos
920 839 939 880 a
954 838 1067 902 propo·

126 893 184 956 sito
208 895 345 957 studendi
363 894 456 978 lugat,
472 896 553 979 quod
578 898 698 980 quidam
722 900 766 964 sic
793 899 960 985 objurgant,
982 903 1067 987 quasi

125 979 253 1041 odei-int.
312 977 385 1064 Ipse
411 981 532 1064 aliquid,
559 982 652 1045 immo
680 987 781 1063 multa,
809 987 942 1069 quotidie
972 989 1064 1066 dicat,

124 1073 203 1147 quae
225 1085 331 1127 secum
350 1065 450 1128 audita
466 1066 604 1131 referant.
652 1069 743 1133 Licet
767 1072 845 1134 enim
868 1073 939 1137 satis
961 1094 1066 1136 exem·

124 1149 245 1231 plorum
259 1151 298 1212 ad
312 1151 485 1214 imitandum
500 1173 539 1214 ex
550 1153 681 1218 lectione
691 1157 872 1239 suppeditet,
883 1172 982 1222 tamen
996 1161 1067 1222 vivo

93 1221 200 1310 tuille,
212 1239 246 1296 ut
256 1235 371 1312 dicitur,
384 1258 440 1298 voa
455 1237 506 1298 alit
522 1237 649 1320 plenius,
663 1241 884 1324 praecipueque
899 1241 964 1324 ejus
980 1263 1066 1324 prae·

128 1319 274 1401 ceptcris,
292 1341 377 1403 quem
393 1321 543 1404 discipuli,
561 1323 585 1384 si
602 1326 693 1384 modo
708 1337 792 1386 recte
808 1340 874 1388 srmt
889 1325 1023 1401 instituti,
1037 1341 1068 1388 et

125 1411 235 1480 amant,
254 1419 283 1466 et
299 1411 445 1469 verentur.
495 1405 559 1468 Vix
581 1421 680 1470 autem
701 1408 761 1470 dici
779 1421 891 1492 potesq
908 1424 1018 1494 quanto
1031 1408 1065 1472 li·

123 1488 241 1552 b'entius
258 1489 405 1554 imitemur
420 1512 485 1568 eos,
502 1491 608 1576 quibus
624 1490 769 1556 favemus.

130 1619 136 1628 .
169 1572 297 1637 Minime
318 1587 390 1638 vero
413 1577 611 1660 permittenda
632 1579 741 1661 pueris,
758 1593 790 1641 ut
804 1578 842 1642 sit
856 1576 936 1662 apud
951 1579 1065 1663 pleros·

90 1679 196 1742 isque,
210 1661 382 1742 assurgendi
398 1661 606 1744 exultandique
622 1663 652 1724 in
665 1662 814 1726 laudando
829 1663 973 1728 licentio:
995 1665 1066 1748 quin

125 1743 215 1806 etiarn
233 1743 380 1829 juvenum
395 1745 546 1808 modicum
562 1769 643 1823 esse,
660 1768 729 1810 cum
751 1748 883 1824 audient,
900 1748 1065 1811 testimoni·

123 1849 175 1891 um
187 1829 288 1891 debet.
336 1829 384 1892 lta
393 1829 455 1905 fiet,
468 1845 501 1893 ut
510 1851 550 1892 ex
561 1830 677 1914 judicio
687 1832 891 1914 praeceptoris
901 1831 1065 1914 discipulus

124 1913 266 1996 pendent,
284 1928 373 1996 atque
388 1914 419 1976 id
434 1935 468 1977 se
486 1915 599 1977 dixisse
619 1931 715 1993 recte,
732 1917 814 1998 quud
836 1914 874 1978 ab
896 1935 935 1978 eo
956 1915 1065 1999 proba·

124 1997 214 2075 bitur,
226 2000 340 2061 credat.
377 1996 433 2062 Illa
443 2017 516 2061 vero
524 1999 727 2078 vitiosissima,
738 1999 883 2084 quaejam
891 2000 1066 2063 humanitus

89 2097 262 2159 evocatur,
281 2082 410 2147 invicem
433 2084 647 2168 qualiacunque
669 2085 818 2163 laudandi,
836 2107 905 2148 cum
921 2101 968 2149 est
982 2086 1065 2149 inde·

124 2190 197 2231 cora
209 2182 244 2230 et
258 2166 421 2245 theatralis,
439 2182 469 2231 et
484 2188 588 2232 severe
605 2170 741 2233 institutis
756 2170 868 2233 scholis
883 2171 989 2249 aliena,
1002 2185 1066 2233 tum

123 2252 289 2316 studiorum
315 2253 566 2337 perniciosissima
597 2254 701 2317 hostis.
757 2254 956 2338 Supervacua
986 2254 1065 2317 enim

124 2336 263 2399 videntur
277 2358 347 2400 cura
363 2360 399 2400 ac
415 2336 511 2412 labor,
530 2351 644 2419 parata,
661 2337 803 2419 quidquid
819 2337 989 2414 effuderint,
1001 2336 1065 2399 lau-

126 2420 176 2483 de.
224 2420 346 2485 Vultum
369 2422 456 2505 igitur
478 2420 682 2505 praeceptoris
706 2420 823 2498 intueri,
839 2433 899 2482 tam
918 2420 968 2503 qui
983 2420 1065 2483 audi·

89 2516 187 2583 nsunt,
205 2506 328 2585 debent,
353 2529 442 2590 quam
463 2507 528 2589 ipse
553 2506 601 2589 qui
628 2505 722 2568 dicit:
746 2505 786 2567 ita
808 2505 888 2568 enim
912 2504 1066 2589 probanda

123 2602 212 2675 atque
231 2592 428 2675 improbanda
448 2592 640 2654 discernent:
664 2592 708 2654 sic
728 2591 795 2654 stilo
810 2589 934 2654 facultas
950 2592 1064 2656 contin·

122 2682 195 2759 get}
219 2677 371 2739 auditione
390 2676 548 2761 judicium.
607 2672 652 2737 At
674 2699 751 2738 nunc
779 2677 863 2759 proni
886 2691 974 2760 atque
996 2700 1065 2741 suc·

124 2758 215 2823 cincti
231 2760 270 2823 ad
285 2783 406 2823 omnem
421 2761 583 2824 clausulam
603 2783 661 2823 non
679 2776 823 2844 exurgunt
839 2762 942 2839 modo,
959 2784 1063 2825 verum

123 2846 215 2908 'etiam
238 2854 411 2923 excurrunt,
429 2860 460 2908 et
482 2868 551 2908 cum
574 2846 715 2909 indecora
737 2846 920 2909 exultatione
943 2846 1065 2909 concla-

87 2938 214 2994 sumant.
264 2929 302 2993 Id
325 2944 457 2993 mutuum
482 2945 539 3007 est,
564 2944 594 2993 et
616 2932 656 2993 ibi
683 2930 908 2994 declamationis
936 2929 1062 2994 fortuna.

123 3000 209 3089 ¹Hinc
233 3029 332 3079 tumor
354 3029 385 3077 et
407 3037 482 3078 rana
504 3015 542 3079 de
565 3036 597 3078 se
621 3017 786 3098 persuasio,
812 3036 905 3096 usque
927 3016 1017 3090 adeo,
1034 3029 1067 3077 ut

123 3098 175 3161 illo
198 3100 471 3183 condiscipulorum
493 3100 617 3163 tumultu
640 3100 744 3175 inflati,
764 3098 789 3159 si
812 3118 917 3178 parum
939 3117 957 3156 a
980 3117 1066 3177 prae·

126 3185 431 3265 ceptorelaudentur‚
449 3186 505 3269 ipsi
529 3185 567 3246 de
591 3183 641 3243 illo
665 3182 741 3242 male
765 3180 901 3241 sentiant.
951 3178 1016 3245 Sed
1032 3203 1065 3246 se

123 3276 246 3351 quoque
267 3284 481 3354 praeceptores
498 3269 608 3329 intente
628 3287 664 3329 ac
684 3266 820 3329 modeste
840 3263 932 3329 audiri
951 3266 1065 3333 velint:

88 3361 184 3415 aenon
203 3354 283 3417 enim
302 3354 420 3439 judicio
444 3353 657 3436 discipulorum
681 3352 782 3415 dicere
801 3351 891 3414 debet
912 3354 1063 3435 magister,

122 3436 179 3500 s'ed
202 3435 340 3523 discipuli
362 3439 503 3523 magistri.
552 3438 636 3509 Quin
655 3438 680 3500 si
699 3438 762 3502 fieri
781 3450 893 3521 potest,
910 3436 1065 3500 intenden-

122 3523 178 3585 dus
195 3523 310 3587 animus
326 3525 355 3586 in
370 3526 429 3587 hoc
445 3544 575 3607 quoque,
593 3538 626 3585 ut
647 3524 810 3608 perspiciat
832 3543 907 3606 quae
928 3523 1064 3603 quisque,

124 3616 156 3669 et
172 3610 327 3692 quomodo
347 3610 468 3673 laudet:
493 3622 524 3672 et
549 3610 680 3691 placere,
698 3631 774 3692 quae
795 3610 873 3670 bene
894 3605 989 3678 dicet,
1005 3622 1065 3665 non
