<?xml version="1.0" encoding="UTF-8"?>
<!DOCTYPE html PUBLIC "-//W3C//DTD XHTML 1.0 Transitional//EN"
    "http://www.w3.org/TR/xhtml1/DTD/xhtml1-transitional.dtd">
<html xmlns="http://www.w3.org/1999/xhtml" xml:lang="en" lang="en">
 <head>
  <title>
</title>
<meta http-equiv="Content-Type" content="text/html;charset=utf-8" />
  <meta name='ocr-system' content='tesseract 3.04.00' />
  <meta name='ocr-capabilities' content='ocr_page ocr_carea ocr_par ocr_line ocrx_word'/>
</head>
<body>
  <div class='ocr_page' id='page_1' title='image "./mfabiiquinctili00aldegoog_0076.png"; bbox 0 0 2459 4200; ppageno 0'>
   <div class='ocr_carea' id='block_1_1' title="bbox 171 235 853 301">
    <p class='ocr_par' dir='ltr' id='par_1_1' title="bbox 171 235 853 301">
     <span class='ocr_line' id='line_1_1' title="bbox 171 235 853 301; baseline 0.006 -12"><span class='ocrx_word' id='word_1_1' title='bbox 171 235 216 296; x_wconf 75' lang='grc'><strong><em>70</em></strong></span> <span class='ocrx_word' id='word_1_2' title='bbox 459 247 496 292; x_wconf 84' lang='lat' dir='ltr'><strong><em>rr.</em></strong></span> <span class='ocrx_word' id='word_1_3' title='bbox 516 246 611 292; x_wconf 84' lang='lat' dir='ltr'><strong><em>mu</em></strong></span> <span class='ocrx_word' id='word_1_4' title='bbox 629 247 853 301; x_wconf 68' lang='lat' dir='ltr'><strong><em>susurremus</em></strong></span> 
     </span>
    </p>
   </div>
   <div class='ocr_carea' id='block_1_2' title="bbox 132 397 1146 1419">
    <p class='ocr_par' dir='ltr' id='par_1_2' title="bbox 132 397 1134 916">
     <span class='ocr_line' id='line_1_2' title="bbox 213 397 1110 483; baseline -0.004 -19"><span class='ocrx_word' id='word_1_5' title='bbox 213 398 337 464; x_wconf 79' lang='lat' dir='ltr'>Interim</span> <span class='ocrx_word' id='word_1_6' title='bbox 357 419 397 461; x_wconf 86' lang='lat' dir='ltr'><strong><em>ex</em></strong></span> <span class='ocrx_word' id='word_1_7' title='bbox 417 397 549 482; x_wconf 90' lang='lat' dir='ltr'><strong><em>pluribus</em></strong></span> <span class='ocrx_word' id='word_1_8' title='bbox 564 399 691 462; x_wconf 85' lang='lat' dir='ltr'><strong><em>efficitur</em></strong></span> <span class='ocrx_word' id='word_1_9' title='bbox 705 397 766 477; x_wconf 87' lang='lat' dir='ltr'><strong><em>illa,</em></strong></span> <span class='ocrx_word' id='word_1_10' title='bbox 782 419 873 483; x_wconf 87' lang='lat' dir='ltr'><strong><em>quarn</em></strong></span> <span class='ocrx_word' id='word_1_11' title='bbox 893 419 1036 462; x_wconf 76' lang='lat' dir='ltr'><strong>conamur</strong></span> <span class='ocrx_word' id='word_1_12' title='bbox 1055 419 1110 460; x_wconf 87' lang='lat' dir='ltr'><strong><em>ex·</em></strong></span> 
     </span>
     <span class='ocr_line' id='line_1_3' title="bbox 169 483 1111 572; baseline -0.003 -25"><span class='ocrx_word' id='word_1_13' title='bbox 169 486 308 572; x_wconf 88' lang='lat' dir='ltr'><strong><em>primere,</em></strong></span> <span class='ocrx_word' id='word_1_14' title='bbox 326 483 433 561; x_wconf 87' lang='lat' dir='ltr'><strong><em>facies,</em></strong></span> <span class='ocrx_word' id='word_1_15' title='bbox 450 496 481 546; x_wconf 85' lang='lat' dir='ltr'><strong><em>ut</em></strong></span> <span class='ocrx_word' id='word_1_16' title='bbox 504 497 550 546; x_wconf 88' lang='lat' dir='ltr'><strong><em>est</em></strong></span> <span class='ocrx_word' id='word_1_17' title='bbox 571 485 652 567; x_wconf 90' lang='lat' dir='ltr'><strong><em>apud</em></strong></span> <span class='ocrx_word' id='word_1_18' title='bbox 673 484 802 548; x_wconf 90' lang='lat' dir='ltr'><strong><em>eundem</em></strong></span> <span class='ocrx_word' id='word_1_19' title='bbox 825 483 967 568; x_wconf 89' lang='lat' dir='ltr'><strong><em>(namque</em></strong></span> <span class='ocrx_word' id='word_1_20' title='bbox 986 484 1025 547; x_wconf 91' lang='lat' dir='ltr'><strong><em>ad</em></strong></span> <span class='ocrx_word' id='word_1_21' title='bbox 1045 503 1111 545; x_wconf 91' lang='lat' dir='ltr'><strong><em>om·</em></strong></span> 
     </span>
     <span class='ocr_line' id='line_1_4' title="bbox 169 567 1113 667; baseline -0.005 -33"><span class='ocrx_word' id='word_1_22' title='bbox 169 570 249 634; x_wconf 92' lang='lat' dir='ltr'><strong><em>nium</em></strong></span> <span class='ocrx_word' id='word_1_23' title='bbox 271 569 394 632; x_wconf 88' lang='lat' dir='ltr'><strong><em>ornandi</em></strong></span> <span class='ocrx_word' id='word_1_24' title='bbox 414 568 554 632; x_wconf 85' lang='lat' dir='ltr'><strong><em>virtutum</em></strong></span> <span class='ocrx_word' id='word_1_25' title='bbox 578 569 750 667; x_wconf 83' lang='lat' dir='ltr'><strong><em>exemplum</em></strong></span> <span class='ocrx_word' id='word_1_26' title='bbox 772 569 821 633; x_wconf 87' lang='lat' dir='ltr'><strong><em>vel</em></strong></span> <span class='ocrx_word' id='word_1_27' title='bbox 842 591 917 632; x_wconf 87' lang='lat' dir='ltr'><strong><em>unus</em></strong></span> <span class='ocrx_word' id='word_1_28' title='bbox 940 567 1061 652; x_wconf 85' lang='lat' dir='ltr'><strong><em>sufficit)</em></strong></span> <span class='ocrx_word' id='word_1_29' title='bbox 1080 567 1113 629; x_wconf 91' lang='lat' dir='ltr'><strong><em>in</em></strong></span> 
     </span>
     <span class='ocr_line' id='line_1_5' title="bbox 169 653 1112 739; baseline -0.004 -21"><span class='ocrx_word' id='word_1_30' title='bbox 169 655 371 739; x_wconf 80' lang='lat' dir='ltr'><strong>descriptione</strong></span> <span class='ocrx_word' id='word_1_31' title='bbox 386 653 516 718; x_wconf 87' lang='lat' dir='ltr'><strong><em>convivii</em></strong></span> <span class='ocrx_word' id='word_1_32' title='bbox 530 653 685 732; x_wconf 87' lang='lat' dir='ltr'><strong><em>luxuriosr,</em></strong></span> <span class='ocrx_word' id='word_1_33' title='bbox 708 653 840 718; x_wconf 74' lang='lat' dir='ltr'><strong><em>Videbar</em></strong></span> <span class='ocrx_word' id='word_1_34' title='bbox 853 654 955 716; x_wconf 82' lang='lat' dir='ltr'><strong><em>uidere</em></strong></span> <span class='ocrx_word' id='word_1_35' title='bbox 971 656 1049 716; x_wconf 88' lang='lat' dir='ltr'><strong><em>ulios</em></strong></span> <span class='ocrx_word' id='word_1_36' title='bbox 1062 653 1112 714; x_wconf 86' lang='lat' dir='ltr'><strong><em>iu·</em></strong></span> 
     </span>
     <span class='ocr_line' id='line_1_6' title="bbox 169 739 1134 822; baseline -0.006 -20"><span class='ocrx_word' id='word_1_37' title='bbox 169 749 293 818; x_wconf 80' lang='lat' dir='ltr'><strong><em>trustes,</em></strong></span> <span class='ocrx_word' id='word_1_38' title='bbox 310 742 389 803; x_wconf 86' lang='lat' dir='ltr'><strong><em>elios</em></strong></span> <span class='ocrx_word' id='word_1_39' title='bbox 407 759 476 801; x_wconf 83' lang='lat' dir='ltr'><strong><em>occo</em></strong></span> <span class='ocrx_word' id='word_1_40' title='bbox 497 749 646 816; x_wconf 86' lang='lat' dir='ltr'><strong><em>cccuutcs,</em></strong></span> <span class='ocrx_word' id='word_1_41' title='bbox 663 740 807 822; x_wconf 85' lang='lat' dir='ltr'><strong><em>quosdam</em></strong></span> <span class='ocrx_word' id='word_1_42' title='bbox 828 759 863 801; x_wconf 82' lang='lat' dir='ltr'><strong><em>cs</em></strong></span> <span class='ocrx_word' id='word_1_43' title='bbox 877 740 948 801; x_wconf 90' lang='lat' dir='ltr'><strong><em>uiuo</em></strong></span> <span class='ocrx_word' id='word_1_44' title='bbox 962 739 1134 801; x_wconf 81' lang='lat' dir='ltr'><strong><em>vacilles-s</em></strong></span> 
     </span>
     <span class='ocr_line' id='line_1_7' title="bbox 132 825 1113 916; baseline -0.004 -28"><span class='ocrx_word' id='word_1_45' title='bbox 132 901 143 916; x_wconf 27' lang='lat' dir='ltr'>x</span> <span class='ocrx_word' id='word_1_46' title='bbox 170 835 223 903; x_wconf 82' lang='lat' dir='ltr'><strong><em>tes,</em></strong></span> <span class='ocrx_word' id='word_1_47' title='bbox 241 825 382 909; x_wconf 80' lang='lat' dir='ltr'><strong><em>quosdam</em></strong></span> <span class='ocrx_word' id='word_1_48' title='bbox 398 825 534 887; x_wconf 83' lang='lat' dir='ltr'><strong><em>hestcruu</em></strong></span> <span class='ocrx_word' id='word_1_49' title='bbox 549 843 584 885; x_wconf 85' lang='lat' dir='ltr'><strong><em>ce</em></strong></span> <span class='ocrx_word' id='word_1_50' title='bbox 600 825 755 907; x_wconf 79' lang='lat' dir='ltr'><strong><em>potatione</em></strong></span> <span class='ocrx_word' id='word_1_51' title='bbox 775 825 942 888; x_wconf 69' lang='lat' dir='ltr'><strong><em>oscitantes.</em></strong></span> <span class='ocrx_word' id='word_1_52' title='bbox 992 825 1113 885; x_wconf 86' lang='lat' dir='ltr'><strong><em>Humus</em></strong></span> 
     </span>
    </p>

    <p class='ocr_par' dir='ltr' id='par_1_3' title="bbox 170 909 1114 1144">
     <span class='ocr_line' id='line_1_8' title="bbox 170 909 1114 992; baseline -0.004 -20"><span class='ocrx_word' id='word_1_53' title='bbox 170 921 235 974; x_wconf 88' lang='lat' dir='ltr'><strong><em>crut</em></strong></span> <span class='ocrx_word' id='word_1_54' title='bbox 255 910 424 988; x_wconf 85' lang='lat' dir='ltr'><strong><em>immunda,</em></strong></span> <span class='ocrx_word' id='word_1_55' title='bbox 447 910 595 971; x_wconf 81' lang='lat' dir='ltr'><strong><em>lutulenta</em></strong></span> <span class='ocrx_word' id='word_1_56' title='bbox 616 911 699 983; x_wconf 85' lang='lat' dir='ltr'><strong><em>uino,</em></strong></span> <span class='ocrx_word' id='word_1_57' title='bbox 722 909 841 972; x_wconf 83' lang='lat' dir='ltr'><strong><em>coronis</em></strong></span> <span class='ocrx_word' id='word_1_58' title='bbox 863 909 1068 992; x_wconf 73' lang='lat' dir='ltr'><strong><em>languidulis,</em></strong></span> <span class='ocrx_word' id='word_1_59' title='bbox 1085 917 1114 969; x_wconf 91' lang='lat' dir='ltr'><strong><em>et</em></strong></span> 
     </span>
     <span class='ocr_line' id='line_1_9' title="bbox 170 992 1113 1126; baseline -0.002 -71"><span class='ocrx_word' id='word_1_60' title='bbox 170 996 268 1078; x_wconf 82' lang='lat' dir='ltr'><strong><em>spinis</em></strong></span> <span class='ocrx_word' id='word_1_61' title='bbox 290 1005 429 1126; x_wconf 72' lang='lat' dir='ltr'><strong><em>poopcrto</em></strong></span> <span class='ocrx_word' id='word_1_62' title='bbox 449 994 594 1076; x_wconf 75' lang='lat' dir='ltr'><strong><em>piscium.</em></strong></span> <span class='ocrx_word' id='word_1_63' title='bbox 642 992 726 1064; x_wconf 82' lang='lat' dir='ltr'><strong><em>Quid</em></strong></span> <span class='ocrx_word' id='word_1_64' title='bbox 753 994 818 1078; x_wconf 89' lang='lat' dir='ltr'><strong><em>plus</em></strong></span> <span class='ocrx_word' id='word_1_65' title='bbox 840 994 967 1068; x_wconf 85' lang='lat' dir='ltr'><strong><em>videret,</em></strong></span> <span class='ocrx_word' id='word_1_66' title='bbox 991 993 1041 1076; x_wconf 92' lang='lat' dir='ltr'><strong><em>qui</em></strong></span> <span class='ocrx_word' id='word_1_67' title='bbox 1068 993 1113 1054; x_wconf 95' lang='lat' dir='ltr'><strong><em>in·</em></strong></span> 
     </span>
     <span class='ocr_line' id='line_1_10' title="bbox 171 1095 964 1144; baseline -0.004 0"><span class='ocrx_word' id='word_1_68' title='bbox 171 1095 295 1144; x_wconf 73' lang='lat' dir='ltr'><strong><em>trassel·</em></strong></span> <span class='ocrx_word' id='word_1_69' title='bbox 960 1102 964 1106; x_wconf 85' lang='lat'>&#39;</span> 
     </span>
    </p>

    <p class='ocr_par' dir='ltr' id='par_1_4' title="bbox 171 1161 1146 1419">
     <span class='ocr_line' id='line_1_11' title="bbox 217 1161 1146 1248; baseline -0.009 -19"><span class='ocrx_word' id='word_1_70' title='bbox 217 1164 271 1230; x_wconf 86' lang='lat' dir='ltr'><strong><em>Sic</em></strong></span> <span class='ocrx_word' id='word_1_71' title='bbox 287 1165 403 1228; x_wconf 89' lang='lat' dir='ltr'><strong><em>urbium</em></strong></span> <span class='ocrx_word' id='word_1_72' title='bbox 419 1177 572 1248; x_wconf 88' lang='lat' dir='ltr'><strong><em>captarum</em></strong></span> <span class='ocrx_word' id='word_1_73' title='bbox 588 1163 699 1226; x_wconf 89' lang='lat' dir='ltr'><strong><em>crescit</em></strong></span> <span class='ocrx_word' id='word_1_74' title='bbox 721 1163 881 1226; x_wconf 88' lang='lat' dir='ltr'><strong><em>miseratio.</em></strong></span> <span class='ocrx_word' id='word_1_75' title='bbox 931 1162 1005 1227; x_wconf 85' lang='lat' dir='ltr'><strong><em>Sine</em></strong></span> <span class='ocrx_word' id='word_1_76' title='bbox 1021 1161 1146 1224; x_wconf 86' lang='lat' dir='ltr'><strong><em>dubioro</em></strong></span> 
     </span>
     <span class='ocr_line' id='line_1_12' title="bbox 171 1246 1113 1334; baseline -0.006 -20"><span class='ocrx_word' id='word_1_77' title='bbox 171 1251 262 1329; x_wconf 89' lang='lat' dir='ltr'><strong><em>enirn,</em></strong></span> <span class='ocrx_word' id='word_1_78' title='bbox 280 1250 329 1334; x_wconf 91' lang='lat' dir='ltr'><strong><em>qui</em></strong></span> <span class='ocrx_word' id='word_1_79' title='bbox 348 1249 421 1312; x_wconf 87' lang='lat' dir='ltr'><strong><em>dicit</em></strong></span> <span class='ocrx_word' id='word_1_80' title='bbox 441 1258 645 1330; x_wconf 78' lang='lat' dir='ltr'><strong><em>repugnatum</em></strong></span> <span class='ocrx_word' id='word_1_81' title='bbox 668 1270 736 1312; x_wconf 90' lang='lat' dir='ltr'><strong><em>esse</em></strong></span> <span class='ocrx_word' id='word_1_82' title='bbox 755 1248 919 1326; x_wconf 86' lang='lat' dir='ltr'><strong><em>civitatem,</em></strong></span> <span class='ocrx_word' id='word_1_83' title='bbox 936 1246 1113 1330; x_wconf 88' lang='lat' dir='ltr'><strong><em>complecti·</em></strong></span> 
     </span>
     <span class='ocr_line' id='line_1_13' title="bbox 171 1329 1112 1419; baseline -0.004 -21"><span class='ocrx_word' id='word_1_84' title='bbox 171 1349 218 1398; x_wconf 91' lang='lat' dir='ltr'><strong><em>tur</em></strong></span> <span class='ocrx_word' id='word_1_85' title='bbox 233 1335 341 1414; x_wconf 82' lang='lat' dir='ltr'><strong><em>emula,</em></strong></span> <span class='ocrx_word' id='word_1_86' title='bbox 359 1354 553 1419; x_wconf 90' lang='lat' dir='ltr'><strong><em>quaecunque</em></strong></span> <span class='ocrx_word' id='word_1_87' title='bbox 573 1333 639 1396; x_wconf 83' lang='lat' dir='ltr'><strong><em>talis</em></strong></span> <span class='ocrx_word' id='word_1_88' title='bbox 657 1331 773 1396; x_wconf 90' lang='lat' dir='ltr'><strong><em>fortuna</em></strong></span> <span class='ocrx_word' id='word_1_89' title='bbox 794 1334 922 1418; x_wconf 83' lang='lat' dir='ltr'><strong><em>recipit:</em></strong></span> <span class='ocrx_word' id='word_1_90' title='bbox 946 1333 1001 1395; x_wconf 91' lang='lat' dir='ltr'><strong><em>sed</em></strong></span> <span class='ocrx_word' id='word_1_91' title='bbox 1020 1334 1048 1394; x_wconf 93' lang='lat' dir='ltr'><strong><em>in</em></strong></span> <span class='ocrx_word' id='word_1_92' title='bbox 1069 1329 1112 1394; x_wconf 88' lang='lat' dir='ltr'><strong><em>af·</em></strong></span> 
     </span>
    </p>
   </div>
   <div class='ocr_carea' id='block_1_3' title="bbox 171 1415 1213 1499">
    <p class='ocr_par' dir='ltr' id='par_1_5' title="bbox 171 1415 1213 1499">
     <span class='ocr_line' id='line_1_14' title="bbox 171 1415 1213 1499; baseline -0.001 -18"><span class='ocrx_word' id='word_1_93' title='bbox 171 1418 267 1483; x_wconf 90' lang='lat' dir='ltr'><strong><em>fectus</em></strong></span> <span class='ocrx_word' id='word_1_94' title='bbox 289 1421 384 1483; x_wconf 90' lang='lat' dir='ltr'><strong><em>minus</em></strong></span> <span class='ocrx_word' id='word_1_95' title='bbox 407 1432 541 1499; x_wconf 90' lang='lat' dir='ltr'><strong><em>penetrat</em></strong></span> <span class='ocrx_word' id='word_1_96' title='bbox 562 1418 662 1481; x_wconf 87' lang='lat' dir='ltr'><strong><em>brevis</em></strong></span> <span class='ocrx_word' id='word_1_97' title='bbox 684 1419 734 1480; x_wconf 89' lang='lat' dir='ltr'><strong><em>hic</em></strong></span> <span class='ocrx_word' id='word_1_98' title='bbox 757 1419 835 1481; x_wconf 85' lang='lat' dir='ltr'><strong><em>velut</em></strong></span> <span class='ocrx_word' id='word_1_99' title='bbox 859 1417 994 1480; x_wconf 90' lang='lat' dir='ltr'><strong><em>nuncius.</em></strong></span> <span class='ocrx_word' id='word_1_100' title='bbox 1053 1415 1110 1494; x_wconf 85' lang='lat' dir='ltr'><strong><em>At,</em></strong></span> <span class='ocrx_word' id='word_1_101' title='bbox 1212 1424 1213 1429; x_wconf 75' lang='grc'>’</span> 
     </span>
    </p>
   </div>
   <div class='ocr_carea' id='block_1_4' title="bbox 170 1503 1145 1925">
    <p class='ocr_par' dir='ltr' id='par_1_6' title="bbox 170 1503 1145 1925">
     <span class='ocr_line' id='line_1_15' title="bbox 171 1503 1113 1588; baseline -0.002 -22"><span class='ocrx_word' id='word_1_102' title='bbox 171 1503 197 1566; x_wconf 89' lang='lat' dir='ltr'><strong><em>si</em></strong></span> <span class='ocrx_word' id='word_1_103' title='bbox 212 1503 329 1588; x_wconf 86' lang='lat' dir='ltr'><strong><em>aperias</em></strong></span> <span class='ocrx_word' id='word_1_104' title='bbox 344 1503 432 1579; x_wconf 91' lang='lat' dir='ltr'><strong><em>haec,</em></strong></span> <span class='ocrx_word' id='word_1_105' title='bbox 451 1523 527 1586; x_wconf 87' lang='lat' dir='ltr'><strong><em>quae</em></strong></span> <span class='ocrx_word' id='word_1_106' title='bbox 546 1503 639 1566; x_wconf 89' lang='lat' dir='ltr'><strong><em>verbo</em></strong></span> <span class='ocrx_word' id='word_1_107' title='bbox 661 1525 720 1566; x_wconf 91' lang='lat' dir='ltr'><strong><em>uno</em></strong></span> <span class='ocrx_word' id='word_1_108' title='bbox 742 1503 856 1566; x_wconf 89' lang='lat' dir='ltr'><strong><em>inclusa</em></strong></span> <span class='ocrx_word' id='word_1_109' title='bbox 878 1516 970 1580; x_wconf 89' lang='lat' dir='ltr'><strong><em>erant,</em></strong></span> <span class='ocrx_word' id='word_1_110' title='bbox 987 1523 1113 1586; x_wconf 88' lang='lat' dir='ltr'><strong><em>appare·</em></strong></span> 
     </span>
     <span class='ocr_line' id='line_1_16' title="bbox 170 1586 1145 1671; baseline -0.002 -21"><span class='ocrx_word' id='word_1_111' title='bbox 170 1587 244 1650; x_wconf 88' lang='lat' dir='ltr'><strong><em>bunt</em></strong></span> <span class='ocrx_word' id='word_1_112' title='bbox 258 1602 289 1651; x_wconf 90' lang='lat' dir='ltr'><strong><em>et</em></strong></span> <span class='ocrx_word' id='word_1_113' title='bbox 299 1586 382 1651; x_wconf 85' lang='lat' dir='ltr'><strong><em>fusae</em></strong></span> <span class='ocrx_word' id='word_1_114' title='bbox 397 1588 569 1671; x_wconf 87' lang='lat' dir='ltr'><strong><em>perdemus</em></strong></span> <span class='ocrx_word' id='word_1_115' title='bbox 584 1608 620 1650; x_wconf 86' lang='lat' dir='ltr'><strong><em>ac</em></strong></span> <span class='ocrx_word' id='word_1_116' title='bbox 636 1588 747 1671; x_wconf 86' lang='lat' dir='ltr'><strong><em>templa</em></strong></span> <span class='ocrx_word' id='word_1_117' title='bbox 764 1588 911 1664; x_wconf 88' lang='lat' dir='ltr'><strong><em>flammae,</em></strong></span> <span class='ocrx_word' id='word_1_118' title='bbox 924 1601 954 1650; x_wconf 92' lang='lat' dir='ltr'><strong><em>et</em></strong></span> <span class='ocrx_word' id='word_1_119' title='bbox 967 1587 1145 1650; x_wconf 82' lang='lat' dir='ltr'><strong><em>ruentiumu</em></strong></span> 
     </span>
     <span class='ocr_line' id='line_1_17' title="bbox 171 1671 1115 1756; baseline -0.002 -20"><span class='ocrx_word' id='word_1_120' title='bbox 171 1685 319 1736; x_wconf 85' lang='lat' dir='ltr'><strong><em>tectorum</em></strong></span> <span class='ocrx_word' id='word_1_121' title='bbox 333 1671 443 1756; x_wconf 84' lang='lat' dir='ltr'><strong><em>fragor,</em></strong></span> <span class='ocrx_word' id='word_1_122' title='bbox 461 1686 545 1736; x_wconf 83' lang='lat' dir='ltr'><strong><em>etex</em></strong></span> <span class='ocrx_word' id='word_1_123' title='bbox 561 1673 686 1736; x_wconf 88' lang='lat' dir='ltr'><strong><em>diversis</em></strong></span> <span class='ocrx_word' id='word_1_124' title='bbox 704 1671 884 1736; x_wconf 85' lang='lat' dir='ltr'><strong><em>clamoribus</em></strong></span> <span class='ocrx_word' id='word_1_125' title='bbox 902 1695 977 1736; x_wconf 91' lang='lat' dir='ltr'><strong><em>unus</em></strong></span> <span class='ocrx_word' id='word_1_126' title='bbox 992 1671 1115 1756; x_wconf 86' lang='lat' dir='ltr'><strong><em>quidam</em></strong></span> 
     </span>
     <span class='ocr_line' id='line_1_18' title="bbox 172 1756 1114 1840; baseline -0.005 -18"><span class='ocrx_word' id='word_1_127' title='bbox 172 1779 274 1836; x_wconf 90' lang='lat' dir='ltr'><strong><em>sonus,</em></strong></span> <span class='ocrx_word' id='word_1_128' title='bbox 292 1758 416 1822; x_wconf 80' lang='lat' dir='ltr'><strong><em>aliorum</em></strong></span> <span class='ocrx_word' id='word_1_129' title='bbox 436 1756 504 1840; x_wconf 81' lang='lat' dir='ltr'><strong><em>fuga</em></strong></span> <span class='ocrx_word' id='word_1_130' title='bbox 527 1757 652 1834; x_wconf 76' lang='lat' dir='ltr'><strong><em>incerta,</em></strong></span> <span class='ocrx_word' id='word_1_131' title='bbox 670 1757 717 1820; x_wconf 89' lang='lat' dir='ltr'><strong><em>alii</em></strong></span> <span class='ocrx_word' id='word_1_132' title='bbox 740 1758 770 1819; x_wconf 92' lang='lat' dir='ltr'><strong><em>in</em></strong></span> <span class='ocrx_word' id='word_1_133' title='bbox 792 1772 929 1821; x_wconf 88' lang='lat' dir='ltr'><strong><em>extremo</em></strong></span> <span class='ocrx_word' id='word_1_134' title='bbox 952 1757 1114 1840; x_wconf 85' lang='lat' dir='ltr'><strong><em>complexu</em></strong></span> 
     </span>
     <span class='ocr_line' id='line_1_19' title="bbox 172 1841 1113 1925; baseline -0.002 -19"><span class='ocrx_word' id='word_1_135' title='bbox 172 1865 291 1907; x_wconf 90' lang='lat' dir='ltr'><strong><em>suorum</em></strong></span> <span class='ocrx_word' id='word_1_136' title='bbox 308 1845 514 1920; x_wconf 82' lang='lat' dir='ltr'>cohaerentes,</span> <span class='ocrx_word' id='word_1_137' title='bbox 532 1856 563 1906; x_wconf 86' lang='lat' dir='ltr'><strong><em>et</em></strong></span> <span class='ocrx_word' id='word_1_138' title='bbox 585 1841 739 1906; x_wconf 88' lang='lat' dir='ltr'><strong><em>infantium</em></strong></span> <span class='ocrx_word' id='word_1_139' title='bbox 760 1841 994 1925; x_wconf 86' lang='lat' dir='ltr'><strong><em>feminarumque</em></strong></span> <span class='ocrx_word' id='word_1_140' title='bbox 1015 1842 1113 1925; x_wconf 86' lang='lat' dir='ltr'><strong><em>plora·</em></strong></span> 
     </span>
    </p>
   </div>
   <div class='ocr_carea' id='block_1_5' title="bbox 172 1925 1214 2008">
    <p class='ocr_par' dir='ltr' id='par_1_7' title="bbox 172 1925 1214 2008">
     <span class='ocr_line' id='line_1_20' title="bbox 172 1925 1214 2008; baseline -0.003 -18"><span class='ocrx_word' id='word_1_141' title='bbox 172 1941 231 2005; x_wconf 90' lang='lat' dir='ltr'><strong><em>tus,</em></strong></span> <span class='ocrx_word' id='word_1_142' title='bbox 250 1942 281 1991; x_wconf 94' lang='lat' dir='ltr'><strong><em>et</em></strong></span> <span class='ocrx_word' id='word_1_143' title='bbox 302 1930 380 1992; x_wconf 85' lang='lat' dir='ltr'><strong><em>male</em></strong></span> <span class='ocrx_word' id='word_1_144' title='bbox 405 1929 434 1990; x_wconf 94' lang='lat' dir='ltr'><strong><em>in</em></strong></span> <span class='ocrx_word' id='word_1_145' title='bbox 456 1928 538 1990; x_wconf 91' lang='lat' dir='ltr'><strong><em>illurn</em></strong></span> <span class='ocrx_word' id='word_1_146' title='bbox 560 1950 654 2008; x_wconf 88' lang='lat' dir='ltr'><strong><em>usque</em></strong></span> <span class='ocrx_word' id='word_1_147' title='bbox 680 1928 758 1990; x_wconf 92' lang='lat' dir='ltr'><strong><em>diem</em></strong></span> <span class='ocrx_word' id='word_1_148' title='bbox 782 1928 891 1991; x_wconf 87' lang='lat' dir='ltr'><strong><em>servati</em></strong></span> <span class='ocrx_word' id='word_1_149' title='bbox 915 1925 976 1989; x_wconf 90' lang='lat' dir='ltr'><strong><em>fato</em></strong></span> <span class='ocrx_word' id='word_1_150' title='bbox 1002 1946 1113 1989; x_wconf 88' lang='lat' dir='ltr'><strong><em>senes:</em></strong></span> <span class='ocrx_word' id='word_1_151' title='bbox 1212 1982 1214 1999; x_wconf 74' lang='grc'><strong>,</strong></span> 
     </span>
    </p>
   </div>
   <div class='ocr_carea' id='block_1_6' title="bbox 172 2011 1213 2098">
    <p class='ocr_par' dir='ltr' id='par_1_8' title="bbox 172 2011 1213 2098">
     <span class='ocr_line' id='line_1_21' title="bbox 172 2011 1213 2098; baseline -0.004 -24"><span class='ocrx_word' id='word_1_152' title='bbox 172 2025 234 2075; x_wconf 92' lang='lat' dir='ltr'><strong><em>tum</em></strong></span> <span class='ocrx_word' id='word_1_153' title='bbox 257 2011 306 2076; x_wconf 91' lang='lat' dir='ltr'><strong><em>illa</em></strong></span> <span class='ocrx_word' id='word_1_154' title='bbox 326 2012 515 2098; x_wconf 90' lang='lat' dir='ltr'><strong><em>profanorum</em></strong></span> <span class='ocrx_word' id='word_1_155' title='bbox 536 2031 748 2094; x_wconf 88' lang='lat' dir='ltr'><strong><em>sacrorumque</em></strong></span> <span class='ocrx_word' id='word_1_156' title='bbox 769 2012 909 2095; x_wconf 87' lang='lat' dir='ltr'><strong><em>direptio,</em></strong></span> <span class='ocrx_word' id='word_1_157' title='bbox 926 2011 1144 2073; x_wconf 83' lang='lat' dir='ltr'><strong><em>efferentiumss</em></strong></span> <span class='ocrx_word' id='word_1_158' title='bbox 1212 2018 1213 2045; x_wconf 44' lang='lat' dir='ltr'><strong><em>l</em></strong></span> 
     </span>
    </p>
   </div>
   <div class='ocr_carea' id='block_1_7' title="bbox 172 2095 1116 2351">
    <p class='ocr_par' dir='ltr' id='par_1_9' title="bbox 172 2095 1116 2351">
     <span class='ocr_line' id='line_1_22' title="bbox 172 2095 1116 2185; baseline -0.004 -24"><span class='ocrx_word' id='word_1_159' title='bbox 172 2097 298 2182; x_wconf 87' lang='lat' dir='ltr'><strong><em>praedas</em></strong></span> <span class='ocrx_word' id='word_1_160' title='bbox 328 2097 585 2185; x_wconf 87' lang='lat' dir='ltr'><strong><em>repetentiumque</em></strong></span> <span class='ocrx_word' id='word_1_161' title='bbox 612 2095 776 2174; x_wconf 90' lang='lat' dir='ltr'><strong><em>discursus,</em></strong></span> <span class='ocrx_word' id='word_1_162' title='bbox 801 2112 832 2158; x_wconf 89' lang='lat' dir='ltr'><strong><em>et</em></strong></span> <span class='ocrx_word' id='word_1_163' title='bbox 855 2095 914 2159; x_wconf 88' lang='lat' dir='ltr'><strong><em>acti</em></strong></span> <span class='ocrx_word' id='word_1_164' title='bbox 936 2109 1004 2157; x_wconf 88' lang='lat' dir='ltr'><strong><em>ante</em></strong></span> <span class='ocrx_word' id='word_1_165' title='bbox 1026 2118 1116 2158; x_wconf 91' lang='lat' dir='ltr'><strong><em>suum</em></strong></span> 
     </span>
     <span class='ocr_line' id='line_1_23' title="bbox 173 2177 1114 2270; baseline -0.003 -24"><span class='ocrx_word' id='word_1_166' title='bbox 173 2183 297 2269; x_wconf 89' lang='lat' dir='ltr'><strong><em>quisque</em></strong></span> <span class='ocrx_word' id='word_1_167' title='bbox 320 2185 503 2270; x_wconf 90' lang='lat' dir='ltr'><strong><em>praedonem</em></strong></span> <span class='ocrx_word' id='word_1_168' title='bbox 525 2180 666 2259; x_wconf 87' lang='lat' dir='ltr'><strong><em>catenati,</em></strong></span> <span class='ocrx_word' id='word_1_169' title='bbox 684 2194 715 2243; x_wconf 91' lang='lat' dir='ltr'><strong><em>et</em></strong></span> <span class='ocrx_word' id='word_1_170' title='bbox 737 2196 843 2243; x_wconf 89' lang='lat' dir='ltr'><strong><em>conata</em></strong></span> <span class='ocrx_word' id='word_1_171' title='bbox 866 2180 993 2244; x_wconf 88' lang='lat' dir='ltr'><strong><em>retinere</em></strong></span> <span class='ocrx_word' id='word_1_172' title='bbox 1020 2177 1114 2243; x_wconf 88' lang='lat' dir='ltr'><strong><em>infan-</em></strong></span> 
     </span>
     <span class='ocr_line' id='line_1_24' title="bbox 172 2265 1114 2351; baseline -0.005 -19"><span class='ocrx_word' id='word_1_173' title='bbox 172 2282 233 2333; x_wconf 88' lang='lat' dir='ltr'><strong><em>tem</em></strong></span> <span class='ocrx_word' id='word_1_174' title='bbox 257 2292 342 2334; x_wconf 89' lang='lat' dir='ltr'><strong><em>suum</em></strong></span> <span class='ocrx_word' id='word_1_175' title='bbox 373 2283 479 2345; x_wconf 85' lang='lat' dir='ltr'><strong><em>mater,</em></strong></span> <span class='ocrx_word' id='word_1_176' title='bbox 497 2281 538 2344; x_wconf 93' lang='lat' dir='ltr'><strong><em>et,</em></strong></span> <span class='ocrx_word' id='word_1_177' title='bbox 559 2266 656 2331; x_wconf 87' lang='lat' dir='ltr'><strong><em>sicubi</em></strong></span> <span class='ocrx_word' id='word_1_178' title='bbox 678 2265 775 2351; x_wconf 87' lang='lat' dir='ltr'><strong><em>majus</em></strong></span> <span class='ocrx_word' id='word_1_179' title='bbox 798 2267 913 2329; x_wconf 90' lang='lat' dir='ltr'><strong><em>lucrum</em></strong></span> <span class='ocrx_word' id='word_1_180' title='bbox 938 2279 995 2343; x_wconf 92' lang='lat' dir='ltr'><strong><em>est,</em></strong></span> <span class='ocrx_word' id='word_1_181' title='bbox 1015 2286 1114 2349; x_wconf 84' lang='lat' dir='ltr'><strong><em>pugna</em></strong></span> 
     </span>
    </p>
   </div>
   <div class='ocr_carea' id='block_1_8' title="bbox 173 2350 1212 2435">
    <p class='ocr_par' dir='ltr' id='par_1_10' title="bbox 173 2350 1212 2435">
     <span class='ocr_line' id='line_1_25' title="bbox 173 2350 1212 2435; baseline -0.008 -18"><span class='ocrx_word' id='word_1_182' title='bbox 173 2352 248 2418; x_wconf 89' lang='lat' dir='ltr'><strong><em>inter</em></strong></span> <span class='ocrx_word' id='word_1_183' title='bbox 263 2356 403 2420; x_wconf 88' lang='lat' dir='ltr'><strong><em>victores.</em></strong></span> <span class='ocrx_word' id='word_1_184' title='bbox 451 2352 544 2416; x_wconf 89' lang='lat' dir='ltr'><strong><em>Licet</em></strong></span> <span class='ocrx_word' id='word_1_185' title='bbox 562 2353 640 2415; x_wconf 91' lang='lat' dir='ltr'><strong><em>enim</em></strong></span> <span class='ocrx_word' id='word_1_186' title='bbox 662 2352 855 2416; x_wconf 84' lang='lat' dir='ltr'><strong><em>haecomnia</em></strong></span> <span class='ocrx_word' id='word_1_187' title='bbox 875 2351 920 2435; x_wconf 90' lang='lat' dir='ltr'><strong><em>(ut</em></strong></span> <span class='ocrx_word' id='word_1_188' title='bbox 935 2350 1010 2434; x_wconf 84' lang='lat' dir='ltr'><strong><em>dixi)</em></strong></span> <span class='ocrx_word' id='word_1_189' title='bbox 1029 2370 1113 2411; x_wconf 89' lang='lat' dir='ltr'><strong><em>oom-</em></strong></span> <span class='ocrx_word' id='word_1_190' title='bbox 1211 2405 1212 2422; x_wconf 34' lang='lat'>2</span> 
     </span>
    </p>
   </div>
   <div class='ocr_carea' id='block_1_9' title="bbox 172 2436 1212 2523">
    <p class='ocr_par' dir='ltr' id='par_1_11' title="bbox 172 2436 1212 2523">
     <span class='ocr_line' id='line_1_26' title="bbox 172 2436 1212 2523; baseline -0.005 -23"><span class='ocrx_word' id='word_1_191' title='bbox 172 2440 320 2523; x_wconf 80' lang='lat' dir='ltr'><strong><em>plectatur</em></strong></span> <span class='ocrx_word' id='word_1_192' title='bbox 335 2439 464 2514; x_wconf 89' lang='lat' dir='ltr'><strong><em>eversio,</em></strong></span> <span class='ocrx_word' id='word_1_193' title='bbox 481 2437 578 2499; x_wconf 91' lang='lat' dir='ltr'><strong><em>minus</em></strong></span> <span class='ocrx_word' id='word_1_194' title='bbox 600 2450 647 2499; x_wconf 90' lang='lat' dir='ltr'><strong><em>est</em></strong></span> <span class='ocrx_word' id='word_1_195' title='bbox 667 2450 766 2499; x_wconf 88' lang='lat' dir='ltr'><strong><em>tamen</em></strong></span> <span class='ocrx_word' id='word_1_196' title='bbox 785 2450 880 2499; x_wconf 89' lang='lat' dir='ltr'><strong><em>totum</em></strong></span> <span class='ocrx_word' id='word_1_197' title='bbox 895 2436 1009 2514; x_wconf 90' lang='lat' dir='ltr'><strong><em>dicere,</em></strong></span> <span class='ocrx_word' id='word_1_198' title='bbox 1025 2454 1144 2518; x_wconf 77' lang='lat' dir='ltr'><strong><em>quamue</em></strong></span> <span class='ocrx_word' id='word_1_199' title='bbox 1211 2449 1212 2514; x_wconf 66' lang='lat' dir='ltr'><strong><em>f</em></strong></span> 
     </span>
    </p>
   </div>
   <div class='ocr_carea' id='block_1_10' title="bbox 172 2543 1112 2687">
    <p class='ocr_par' dir='ltr' id='par_1_12' title="bbox 172 2543 1112 2687">
     <span class='ocr_line' id='line_1_27' title="bbox 172 2543 283 2585; baseline -0.027 0"><span class='ocrx_word' id='word_1_200' title='bbox 172 2543 283 2585; x_wconf 88' lang='lat' dir='ltr'><strong><em>ornnrs.</em></strong></span> 
     </span>
     <span class='ocr_line' id='line_1_28' title="bbox 215 2600 1112 2687; baseline 0 -20"><span class='ocrx_word' id='word_1_201' title='bbox 215 2605 445 2687; x_wconf 86' lang='lat' dir='ltr'><strong><em>Consequemur</em></strong></span> <span class='ocrx_word' id='word_1_202' title='bbox 467 2617 577 2679; x_wconf 89' lang='lat' dir='ltr'><strong><em>autern,</em></strong></span> <span class='ocrx_word' id='word_1_203' title='bbox 596 2617 628 2665; x_wconf 89' lang='lat' dir='ltr'><strong><em>ut</em></strong></span> <span class='ocrx_word' id='word_1_204' title='bbox 642 2600 797 2665; x_wconf 86' lang='lat' dir='ltr'><strong><em>manifesta</em></strong></span> <span class='ocrx_word' id='word_1_205' title='bbox 811 2603 880 2682; x_wconf 89' lang='lat' dir='ltr'><strong><em>sint,</em></strong></span> <span class='ocrx_word' id='word_1_206' title='bbox 896 2602 922 2667; x_wconf 90' lang='lat' dir='ltr'><strong><em>si</em></strong></span> <span class='ocrx_word' id='word_1_207' title='bbox 938 2601 1045 2667; x_wconf 89' lang='lat' dir='ltr'><strong><em>fuerint</em></strong></span> <span class='ocrx_word' id='word_1_208' title='bbox 1059 2625 1112 2667; x_wconf 85' lang='lat' dir='ltr'><strong><em>ve-</em></strong></span> 
     </span>
    </p>
   </div>
   <div class='ocr_carea' id='block_1_11' title="bbox 97 2668 1213 2860">
    <p class='ocr_par' dir='ltr' id='par_1_13' title="bbox 97 2668 1213 2860">
     <span class='ocr_line' id='line_1_29' title="bbox 97 2668 1113 2773; baseline -0.001 -22"><span class='ocrx_word' id='word_1_209' title='bbox 97 2668 105 2676; x_wconf 35' lang='lat'><em>*</em></span> <span class='ocrx_word' id='word_1_210' title='bbox 172 2688 324 2751; x_wconf 85' lang='lat' dir='ltr'><strong><em>sisimilia:</em></strong></span> <span class='ocrx_word' id='word_1_211' title='bbox 348 2703 378 2750; x_wconf 87' lang='lat' dir='ltr'><strong><em>et</em></strong></span> <span class='ocrx_word' id='word_1_212' title='bbox 393 2687 496 2751; x_wconf 91' lang='lat' dir='ltr'><strong><em>licebit</em></strong></span> <span class='ocrx_word' id='word_1_213' title='bbox 515 2687 605 2751; x_wconf 86' lang='lat' dir='ltr'><strong><em>etiarn</em></strong></span> <span class='ocrx_word' id='word_1_214' title='bbox 623 2686 698 2750; x_wconf 90' lang='lat' dir='ltr'><strong><em>falso</em></strong></span> <span class='ocrx_word' id='word_1_215' title='bbox 720 2688 871 2770; x_wconf 83' lang='lat' dir='ltr'><strong><em>affingere,</em></strong></span> <span class='ocrx_word' id='word_1_216' title='bbox 888 2688 1029 2773; x_wconf 89' lang='lat' dir='ltr'><strong><em>quiequid</em></strong></span> <span class='ocrx_word' id='word_1_217' title='bbox 1050 2687 1113 2751; x_wconf 89' lang='lat' dir='ltr'><strong><em>lieri</em></strong></span> 
     </span>
     <span class='ocr_line' id='line_1_30' title="bbox 172 2772 1213 2860; baseline -0.001 -23"><span class='ocrx_word' id='word_1_218' title='bbox 172 2773 259 2852; x_wconf 85' lang='lat' dir='ltr'><strong><em>solet.</em></strong></span> <span class='ocrx_word' id='word_1_219' title='bbox 306 2772 461 2855; x_wconf 85' lang='lat' dir='ltr'><strong><em>Contingit</em></strong></span> <span class='ocrx_word' id='word_1_220' title='bbox 476 2773 582 2835; x_wconf 91' lang='lat' dir='ltr'><strong><em>eadem</em></strong></span> <span class='ocrx_word' id='word_1_221' title='bbox 599 2772 716 2835; x_wconf 85' lang='lat' dir='ltr'><strong><em>claritas</em></strong></span> <span class='ocrx_word' id='word_1_222' title='bbox 732 2773 877 2835; x_wconf 80' lang='lat' dir='ltr'><strong><em>etiamen</em></strong></span> <span class='ocrx_word' id='word_1_223' title='bbox 893 2773 1110 2837; x_wconf 85' lang='lat' dir='ltr'><strong><em>accidentibus.</em></strong></span> <span class='ocrx_word' id='word_1_224' title='bbox 1211 2825 1213 2860; x_wconf 66' lang='lat'><strong><em>,</em></strong></span> 
     </span>
    </p>
   </div>
   <div class='ocr_carea' id='block_1_12' title="bbox 338 2874 1144 3009">
    <p class='ocr_par' dir='ltr' id='par_1_14' title="bbox 338 2874 1144 3009">
     <span class='ocr_line' id='line_1_31' title="bbox 339 2874 1144 2941; baseline -0.006 -15"><span class='ocrx_word' id='word_1_225' title='bbox 339 2875 475 2925; x_wconf 84' lang='lat' dir='ltr'><strong><em>-Mihi</em></strong></span> <span class='ocrx_word' id='word_1_226' title='bbox 485 2875 586 2941; x_wconf 74' lang='lat' dir='ltr'><strong><em>frigidus</em></strong></span> <span class='ocrx_word' id='word_1_227' title='bbox 597 2874 682 2925; x_wconf 88' lang='lat' dir='ltr'><strong><em>horror</em></strong></span> <span class='ocrx_word' id='word_1_228' title='bbox 1121 2878 1144 2921; x_wconf 73' lang='lat' dir='ltr'><strong><em>tt)</em></strong></span> 
     </span>
     <span class='ocr_line' id='line_1_32' title="bbox 338 2938 1021 3009; baseline -0.009 -16"><span class='ocrx_word' id='word_1_229' title='bbox 338 2942 451 2993; x_wconf 78' lang='lat' dir='ltr'><strong><em>Membra</em></strong></span> <span class='ocrx_word' id='word_1_230' title='bbox 461 2942 548 3009; x_wconf 87' lang='lat' dir='ltr'><strong><em>quatit,</em></strong></span> <span class='ocrx_word' id='word_1_231' title='bbox 560 2941 705 3009; x_wconf 77' lang='lat' dir='ltr'><strong><em>gelidusque</em></strong></span> <span class='ocrx_word' id='word_1_232' title='bbox 716 2940 766 2989; x_wconf 87' lang='lat' dir='ltr'><strong><em>coit</em></strong></span> <span class='ocrx_word' id='word_1_233' title='bbox 777 2938 905 2989; x_wconf 87' lang='lat' dir='ltr'><strong><em>formidine</em></strong></span> <span class='ocrx_word' id='word_1_234' title='bbox 917 2939 1021 3005; x_wconf 78' lang='lat' dir='ltr'><strong><em>sanguis.</em></strong></span> 
     </span>
    </p>
   </div>
   <div class='ocr_carea' id='block_1_13' title="bbox 172 3042 996 3199">
    <p class='ocr_par' dir='ltr' id='par_1_15' title="bbox 172 3042 996 3199">
     <span class='ocr_line' id='line_1_33' title="bbox 172 3042 203 3093; baseline 0 0"><span class='ocrx_word' id='word_1_235' title='bbox 172 3042 203 3093; x_wconf 76' lang='lat' dir='ltr'><strong><em>et</em></strong></span> 
     </span>
     <span class='ocr_line' id='line_1_34' title="bbox 204 3075 996 3199; baseline -0.013 -13"><span class='ocrx_word' id='word_1_236' title='bbox 204 3075 213 3109; x_wconf 61' lang='lat'>’</span> <span class='ocrx_word' id='word_1_237' title='bbox 339 3133 536 3199; x_wconf 83' lang='lat' dir='ltr'><strong><em>——Trepidue</em></strong></span> <span class='ocrx_word' id='word_1_238' title='bbox 547 3139 637 3181; x_wconf 83' lang='lat' dir='ltr'><strong><em>matres</em></strong></span> <span class='ocrx_word' id='word_1_239' title='bbox 646 3127 909 3195; x_wconf 80' lang='lat' dir='ltr'><strong><em>presseresdpeetoru</em></strong></span> <span class='ocrx_word' id='word_1_240' title='bbox 919 3135 996 3177; x_wconf 84' lang='lat' dir='ltr'><strong><em>ustos.</em></strong></span> 
     </span>
    </p>
   </div>
   <div class='ocr_carea' id='block_1_14' title="bbox 172 3212 1143 3639">
    <p class='ocr_par' dir='ltr' id='par_1_16' title="bbox 172 3212 1143 3639">
     <span class='ocr_line' id='line_1_35' title="bbox 174 3212 1112 3299; baseline 0 -23"><span class='ocrx_word' id='word_1_241' title='bbox 174 3214 278 3295; x_wconf 90' lang='lat' dir='ltr'><strong><em>Atque</em></strong></span> <span class='ocrx_word' id='word_1_242' title='bbox 300 3216 387 3299; x_wconf 92' lang='lat' dir='ltr'><strong><em>hujus</em></strong></span> <span class='ocrx_word' id='word_1_243' title='bbox 407 3238 554 3294; x_wconf 80' lang='lat' dir='ltr'><strong><em>summae,</em></strong></span> <span class='ocrx_word' id='word_1_244' title='bbox 567 3214 684 3299; x_wconf 90' lang='lat' dir='ltr'><strong><em>judicio</em></strong></span> <span class='ocrx_word' id='word_1_245' title='bbox 699 3215 820 3297; x_wconf 92' lang='lat' dir='ltr'><strong><em>quidem</em></strong></span> <span class='ocrx_word' id='word_1_246' title='bbox 843 3236 924 3292; x_wconf 91' lang='lat' dir='ltr'><strong><em>meo,</em></strong></span> <span class='ocrx_word' id='word_1_247' title='bbox 941 3213 1055 3277; x_wconf 87' lang='lat' dir='ltr'><strong><em>virtutis</em></strong></span> <span class='ocrx_word' id='word_1_248' title='bbox 1069 3212 1112 3276; x_wconf 91' lang='lat' dir='ltr'><strong><em>fa·</em></strong></span> 
     </span>
     <span class='ocr_line' id='line_1_36' title="bbox 172 3298 1143 3382; baseline 0.006 -21"><span class='ocrx_word' id='word_1_249' title='bbox 172 3298 281 3361; x_wconf 87' lang='lat' dir='ltr'><strong><em>cillims</em></strong></span> <span class='ocrx_word' id='word_1_250' title='bbox 297 3312 343 3361; x_wconf 91' lang='lat' dir='ltr'><strong><em>est</em></strong></span> <span class='ocrx_word' id='word_1_251' title='bbox 360 3300 419 3361; x_wconf 85' lang='lat' dir='ltr'><strong><em>via.</em></strong></span> <span class='ocrx_word' id='word_1_252' title='bbox 466 3300 611 3363; x_wconf 86' lang='lat' dir='ltr'><strong><em>Naturam</em></strong></span> <span class='ocrx_word' id='word_1_253' title='bbox 633 3300 818 3363; x_wconf 85' lang='lat' dir='ltr'><strong><em>intueamur:</em></strong></span> <span class='ocrx_word' id='word_1_254' title='bbox 842 3301 919 3363; x_wconf 82' lang='lat' dir='ltr'><strong><em>hene</em></strong></span> <span class='ocrx_word' id='word_1_255' title='bbox 940 3320 1143 3382; x_wconf 76' lang='lat' dir='ltr'><strong><em>sequamur-se</em></strong></span> 
     </span>
     <span class='ocr_line' id='line_1_37' title="bbox 173 3381 1112 3468; baseline 0.002 -23"><span class='ocrx_word' id='word_1_256' title='bbox 173 3381 280 3445; x_wconf 90' lang='lat' dir='ltr'><strong><em>Omnis</em></strong></span> <span class='ocrx_word' id='word_1_257' title='bbox 304 3382 471 3465; x_wconf 89' lang='lat' dir='ltr'><strong><em>eloquentia</em></strong></span> <span class='ocrx_word' id='word_1_258' title='bbox 494 3384 575 3447; x_wconf 86' lang='lat' dir='ltr'><strong><em>cirea</em></strong></span> <span class='ocrx_word' id='word_1_259' title='bbox 600 3404 693 3468; x_wconf 89' lang='lat' dir='ltr'><strong><em>opera</em></strong></span> <span class='ocrx_word' id='word_1_260' title='bbox 714 3386 792 3448; x_wconf 89' lang='lat' dir='ltr'><strong><em>vitae</em></strong></span> <span class='ocrx_word' id='word_1_261' title='bbox 814 3398 882 3447; x_wconf 87' lang='lat' dir='ltr'><strong><em>est:</em></strong></span> <span class='ocrx_word' id='word_1_262' title='bbox 906 3384 1000 3447; x_wconf 89' lang='lat' dir='ltr'><strong><em>adse</em></strong></span> <span class='ocrx_word' id='word_1_263' title='bbox 1022 3381 1112 3447; x_wconf 82' lang='lat' dir='ltr'><strong><em>refert</em></strong></span> 
     </span>
     <span class='ocr_line' id='line_1_38' title="bbox 172 3468 1109 3555; baseline 0 -24"><span class='ocrx_word' id='word_1_264' title='bbox 172 3468 308 3555; x_wconf 87' lang='lat' dir='ltr'><strong><em>quisque,</em></strong></span> <span class='ocrx_word' id='word_1_265' title='bbox 326 3488 402 3549; x_wconf 86' lang='lat' dir='ltr'><strong><em>quae</em></strong></span> <span class='ocrx_word' id='word_1_266' title='bbox 428 3468 534 3546; x_wconf 90' lang='lat' dir='ltr'><strong><em>audit;</em></strong></span> <span class='ocrx_word' id='word_1_267' title='bbox 556 3483 587 3531; x_wconf 89' lang='lat' dir='ltr'><strong><em>et</em></strong></span> <span class='ocrx_word' id='word_1_268' title='bbox 612 3469 643 3533; x_wconf 95' lang='lat' dir='ltr'><strong><em>id</em></strong></span> <span class='ocrx_word' id='word_1_269' title='bbox 669 3468 809 3533; x_wconf 85' lang='lat' dir='ltr'><strong><em>facillime</em></strong></span> <span class='ocrx_word' id='word_1_270' title='bbox 834 3468 1109 3553; x_wconf 80' lang='lat' dir='ltr'><strong><em>accipiuntanimi,</em></strong></span> 
     </span>
     <span class='ocr_line' id='line_1_39' title="bbox 173 3555 442 3639; baseline -0.015 -21"><span class='ocrx_word' id='word_1_271' title='bbox 173 3555 254 3638; x_wconf 91' lang='lat' dir='ltr'><strong><em>quod</em></strong></span> <span class='ocrx_word' id='word_1_272' title='bbox 268 3566 442 3639; x_wconf 80' lang='lat' dir='ltr'><strong><em>agnoscunt.</em></strong></span> 
     </span>
    </p>
   </div>
   <div class='ocr_carea' id='block_1_15' title="bbox 0 0 1236 4200">
    <p class='ocr_par' dir='ltr' id='par_1_17' title="bbox 0 0 1236 4200">
     <span class='ocr_line' id='line_1_40' title="bbox 0 0 1236 4200; baseline 0 0"><span class='ocrx_word' id='word_1_273' title='bbox 0 0 1236 4200; x_wconf 95' lang='lat' dir='ltr'><strong><em> </em></strong></span> 
     </span>
    </p>
   </div>
  </div>
 </body>
</html>
