2459 4200
463 269 500 314 Ι.
521 271 615 316 mu
634 271 858 324 nummum

530 604 672 665 CAPUT
690 607 761 666 XV.

552 805 593 845 DE
608 805 742 846 ORNATU.

218 944 336 1008 Vnrrro
358 963 436 1008 nuno
455 944 494 1007 ad
517 954 680 1006 orontem:
703 943 810 1025 inquo
832 943 896 1006 sine
919 943 1010 1006 dubio
1035 944 1124 1027 plns,·

194 1049 262 1092 uam
285 1029 314 1090 in
337 1029 447 1092 ceteris
466 1029 585 1093 dicendi
608 1029 753 1112 partibus,
769 1027 825 1090 sibi
847 1028 979 1111 indulget
999 1044 1113 1092 orator.

173 1048 252 1176 iam
268 1115 426 1178 emendate
423 1115 581 1212 quidem„
577 1135 613 1177 ao
633 1114 733 1177 lucide
749 1113 911 1177 dicentium
926 1128 1014 1176 tenue
1031 1135 1117 1196 prae·

159 1198 264 1262 mium
280 1213 337 1277 est,
354 1199 506 1282 magisque
521 1200 598 1262 vitiis
614 1220 730 1276 carere,
741 1220 830 1282 quam
846 1213 876 1260 ut
892 1199 1020 1281 aliquam
1033 1220 1116 1297 mag·

172 1301 241 1348 nam
256 1284 395 1348 virtutem
410 1286 537 1369 adeptus
553 1307 621 1348 esse
636 1285 775 1348 videaris.
824 1285 959 1346 Ioventio
975 1306 1045 1347 cunr
1060 1285 1116 1346 im·
1135 1308 1148 1346 ⁵

172 1370 275 1452 paritis
291 1391 382 1454 saepe
406 1370 595 1468 communis;
619 1369 776 1450 dispositio
800 1368 938 1431 modicae
961 1370 1117 1433 doctrinae

172 1455 255 1514 credi
278 1469 401 1535 potest:
426 1470 456 1516 et
475 1456 499 1515 si
516 1475 591 1551 quae
612 1468 680 1515 sunt
697 1468 776 1515 artes
791 1452 923 1550 altiores,
939 1453 1117 1536 plerumque
1219 1458 1223 1517 l

171 1537 369 1614 occultantur,
386 1551 419 1598 ut
433 1553 511 1600 artes
530 1539 610 1599 sint:
634 1537 762 1620 denique
777 1537 877 1599 omnia
891 1538 968 1600 haec
983 1540 1021 1602 ad
1037 1540 1115 1602 utili·

170 1633 262 1684 tatem
273 1641 430 1685 causarum
445 1622 539 1684 solam
555 1620 711 1684 reserenda
726 1637 801 1683 sunt
836 1621 929 1684 Cultu
941 1645 1013 1686 vero
1025 1640 1116 1707 atque

171 1719 275 1768 ornatu
290 1728 324 1776 se
339 1725 457 1789 quoque
473 1706 686 1769 commendat
678 1727 755 1790 rpse,
773 1727 822 1789 qur
815 1707 924 1785 dicit,
940 1709 1147 1774 etineete·1o
1219 1740 1223 1756 ·

170 1790 210 1940 plis
218 1790 365 1875 judicium
376 1791 564 1870 doctorum,
557 1813 586 1856 ιιι
600 1792 660 1854 hoc
673 1813 745 1854 vero
760 1792 850 1854 etiam
865 1793 1039 1876 popularem
1051 1794 1115 1858 lau·

191 1897 240 1939 em
256 1879 341 1961 petit
1221 1932 1222 1937 ,

212 1900 280 2024 Nec
297 1962 420 2025 sortibus
435 1965 539 2040 modo,
553 1965 607 2026 sed
623 1964 714 2042 etiam
725 1962 902 2045 fulgentibus
917 1964 1006 2026 armis
1022 1985 1114 2047 proe·
1220 1940 1223 2039 l

169 2044 309 2110 liatusin
331 2064 485 2112 causaest
508 2048 623 2112 Cicero
645 2047 801 2111 Cornelii:
833 2048 883 2132 qui
906 2069 966 2110 non
989 2070 1113 2114 assecu-

168 2144 215 2195 tus
239 2146 319 2196 esset
337 2134 477 2196 docendo
495 2133 631 2217 judicem
653 2149 776 2211 tantum,
792 2148 823 2197 et
846 2133 954 2196 utiliter
976 2135 1146 2214 demum,1s

168 2238 204 2281 ac
225 2217 347 2298 Latine,
364 2220 582 2303 perspicueque
598 2220 739 2296 dicendo,
756 2234 789 2281 ut
807 2219 935 2303 populus
954 2218 1113 2285 Romanus

168 2304 395 2369 admirationem
410 2328 493 2369 suam
508 2328 568 2369 non
584 2306 800 2369 acclamatione
815 2319 940 2381 tantum,
951 2306 1005 2367 sed
1021 2306 1113 2369 etiam

166 2388 272 2473 plausu
298 2392 498 2455 confiteretur.
547 2390 722 2455 Sublimitas
748 2389 899 2488 proiecto,
922 2405 953 2454 et
978 2392 1111 2474 magnifi-

167 2477 278 2553 centia,
296 2492 326 2538 et
345 2477 433 2552 nitor,
452 2491 482 2539 et
500 2476 660 2539 auctoritas
679 2468 829 2558 expressit
849 2475 930 2537 illurn
948 2474 1107 2575 fragorem

166 2556 233 2621 Neo
255 2574 316 2621 tam
336 2558 454 2621 insolita
474 2560 537 2621 laus
558 2573 640 2620 esset
654 2574 814 2656 prosecuta
830 2560 1032 2638 dicentem,
1009 2584 1033 2624 ει
1050 2563 1109 2625 usi·
1116 2585 1143 2624 eo
1219 2579 1220 2634 ι

165 2655 235 2718 tata,
253 2657 283 2705 et
305 2643 413 2705 ceteris
436 2643 539 2705 similis
561 2641 666 2705 fuisset
688 2643 794 2705 oratio
842 2644 946 2728 Atque
964 2668 1021 2729 ego
1041 2648 1109 2712 illos

165 2728 271 2804 oredo,
295 2727 344 2809 qui
375 2728 509 2805 aderant,
533 2750 590 2790 nec
621 2728 763 2805 sensisse,
785 2728 856 2811 quid
882 2730 1027 2809 lacerent,
1049 2754 1110 2797 nec

164 2827 270 2895 sponte
289 2812 463 2910 judicioque
487 2812 654 2895 plausisse;
681 2814 736 2875 sed
757 2814 839 2875 velut
864 2828 964 2877 mente
986 2833 1108 2912 captos,

164 2910 213 2995 et,·
223 2918 283 2979 quo
304 2912 405 2961 essent
427 2898 456 2960 in
479 2898 695 2979 loco‚1gnaros
714 2898 847 2981 erupisse
862 2899 891 2960 in
906 2900 984 2962 hunc
994 2898 1108 2985 'volup·
1218 2969 1219 2982 χ

163 2982 229 3045 tatis
245 2984 397 3047 affectum
1114 3022 1143 3063 ,ὅ
1218 2999 1219 3036 2

210 3069 275 3135 Sed
290 3092 328 3131 ne
344 3090 453 3133 causae
472 3069 593 3152 quidem
608 3090 712 3168 parum
728 3066 862 3133 conferat
875 3070 957 3133 idem
972 3070 1022 3133 hie
1038 3093 1106 3134 ora·

162 3156 249 3219 tionis
271 3170 402 3220 ornatus.
459 3154 550 3233 Nam,
576 3154 626 3239 qui
650 3154 776 3218 libenter
799 3154 931 3255 audiunt,
958 3170 989 3219 et
1011 3158 1105 3241 magis

162 3240 326 3316 attendunt,
344 3256 374 3302 et
389 3240 503 3303 facilius
524 3242 670 3316 credunt;
694 3241 899 3324 plerumque
891 3264 956 3325 rpsa
971 3242 1104 3307 delecta·

162 3322 242 3386 tione
273 3323 439 3469 sarpiuntur,
466 3345 674 3407 nonnunquam
700 3326 894 3389 admiratione
920 3325 1101 3391 auferuntur

161 3405 241 3471 Nam
257 3407 317 3469 ets
314 3428 410 3469 etrum
429 3408 515 3470 affert
536 3409 631 3471 oculis
653 3412 773 3473 terroris
795 3410 918 3493 aliquid,
935 3425 966 3474 et
981 3412 1138 3477 lulrninaan
1216 3435 1217 3440 ¹

162 3493 228 3579 ipsa
248 3514 306 3555 non
330 3505 391 3555 tarn
413 3514 467 3555 nos
491 3492 763 3572 confunderent,
739 3518 764 3557 sr
786 3494 830 3556 ris
851 3516 954 3559 eorum
976 3510 1101 3576 tantum,

162 3600 221 3643 non
237 3579 327 3643 otiam
343 3577 409 3663 ipse
424 3578 520 3661 fulgor
540 3579 702 3643 timeretur
750 3578 910 3664 Recteque
926 3580 1041 3647 Cicero
1056 3583 1103 3647 his
