2459 4200
156 281 220 344 m
448 287 485 332 ιι.
506 281 600 330 meu
619 275 843 334 eururrursru

156 447 202 514 Et
214 443 335 530 quidem
351 439 536 506 Ciceronem
559 455 680 518 sequar,
700 428 812 515 (nam
804 449 829 491 rs
849 423 1105 490 eminentissimos

157 531 349 596 Graecorum
371 541 417 590 est
440 523 575 606 secutus)
602 532 734 602 excepto
756 514 837 599 quod
864 533 919 596 pes
945 509 1017 572 mihi
1041 523 1106 572 tres

157 639 172 682 s
194 616 286 678 llabes
305 635 365 676 non
385 612 502 674 videtur
523 607 698 671 excedere:
722 619 891 684 quanquam
913 596 963 659 ille
980 616 1107 693 pceope

180 701 373 782 ochmioque,
385 716 510 780 quorum
526 693 607 777 prior
623 691 651 752 in
666 703 803 784 quatuor,
813 681 986 746 secundus
979 703 1008 742 m
1020 679 1107 778 quin·

159 809 218 872 que
242 783 385 860 excurrit,
402 796 509 844 utatur.
556 776 626 840 Nec
646 790 745 838 tamen
766 771 830 854 ipse
846 766 1023 841 dissimulat,
1040 764 1107 848 qui·
1092 781 1132 822 ·⁵

160 873 286 936 busdam
301 889 439 932 numeros
455 864 562 941 videri,
579 883 639 925 non
655 860 760 944 pedes.
807 852 938 936 Neque
931 851 1107 914 immeritor

161 957 303 1042 quicquid
325 954 406 1018 enim
428 971 517 1035 supra
540 963 599 1012 tres
627 945 767 1030 syllabas,
785 941 816 1002 id
841 953 889 1002 cst
911 959 958 1000 ex
973 935 1109 1034 pluribus

162 1042 299 1139 pedibus
347 1038 431 1121 Ergo
447 1057 517 1099 cum
532 1045 672 1096 constent
682 1041 807 1112 quatuor
822 1024 917 1108 pedes
931 1021 1018 1098 binis,
1031 1033 1109 1083 octo

163 1126 274 1192 ternis:
299 1125 466 1208 spondeum
495 1119 590 1202 longis
621 1116 757 1187 duabus3
781 1107 995 1205 pyrrhichium,
1016 1126 1110 1189 quem

163 1211 212 1274 alii
227 1210 413 1293 pariambum
429 1219 549 1280 vocant,
564 1202 730 1274 brevibus;
754 1196 885 1259 iambum
903 1192 989 1257 brevi
1006 1191 1110 1274 longa·
1096 1209 1147 1250 -ιι
1219 1200 1220 1257 ι

164 1316 247 1380 que;
270 1295 339 1359 huic
358 1291 537 1356 contrarium
561 1311 578 1352 e
601 1287 689 1369 longa
711 1297 742 1346 et
763 1280 858 1356 brevi,
876 1279 1032 1375 choreum,
1048 1298 1112 1338 non

165 1395 196 1444 ut
211 1380 260 1458 alii
280 1379 467 1454 trochaeum,
485 1374 682 1438 nominemus.
729 1367 782 1430 Ex
805 1366 850 1428 his
872 1385 958 1441 vero,
975 1362 1025 1445 qui
1048 1376 1111 1424 ter·

164 1485 218 1526 nas
241 1465 370 1545 syllabas
393 1462 514 1536 habent,
532 1457 682 1539 dactylum
704 1453 792 1534 longa
814 1450 987 1532 duabusque
1007 1447 1111 1510 brevi·

165 1548 245 1620 hus;
268 1547 337 1608 huic
353 1545 536 1628 temporibus
555 1562 681 1637 parem,
687 1539 742 1601 sed
757 1549 950 1611 retroactum,
967 1532 1112 1616 appellari

165 1645 281 1696 constat
305 1643 497 1712 anapaestos.
546 1623 681 1688 bledla
674 1637 749 1685 mter
771 1621 874 1703 longas
897 1619 997 1682 brevis
1019 1616 1148 1680 iacietis

166 1717 426 1812 amphimacrum·
450 1713 504 1777 sed
528 1709 708 1793 frequentius
731 1706 796 1791 ejus
818 1727 928 1767 nomen
951 1719 997 1766 est
1019 1702 1113 1766 creti·

167 1823 231 1866 cns
279 1799 409 1884 Longa
401 1813 476 1863 mter
494 1799 614 1870 breves,
632 1791 887 1877 amphibrachys,
911 1790 1025 1852 duabus
1046 1788 1113 1850 lon·

167 1888 212 1970 gis
227 1889 350 1950 brevem
366 1884 568 1968 sequentibus,
585 1881 754 1954 bacchius3
777 1876 904 1940 totidem
926 1874 1021 1957 longis
1041 1873 1113 1936 bre·

169 1992 239 2032 vem
254 1970 514 2052 praecedentibus,
533 1964 766 2062 palimbacchius
784 1962 850 2026 erit.
901 1960 981 2023 Tres
1001 1959 1114 2022 breves

167 2055 352 2131 trochaeum,
364 2073 455 2136 quem
470 2051 641 2135 tribrachyn
656 2049 716 2113 dici
731 2049 907 2131 volunt,qu1
899 2046 1035 2109 choreo
1050 2058 1149 2107 tro-so

168 2140 254 2208 chael
274 2162 384 2203 nomen
405 2140 580 2223 imponunt;
604 2136 730 2199 totidem
750 2135 856 2217 longae
878 2132 1032 2195 molosson
1047 2131 1115 2193 effi·

169 2227 259 2291 ciunt

210 2312 333 2412 lictum
350 2312 460 2395 pedum
476 2310 571 2373 nullus
585 2330 645 2371 non
661 2307 690 2369 in
705 2305 870 2369 orationem
882 2302 973 2379 veuit,
986 2301 1039 2365 sed
1050 2322 1116 2384 quo

170 2398 277 2496 quique
293 2412 360 2461 suot
373 2397 562 2491 temporibus
573 2394 734 2489 pleniores,
745 2389 898 2472 longisque
914 2387 1034 2471 syllabis
1050 2406 1117 2449 ma·

169 2484 213 2565 gis
243 2484 375 2557 stabiles,
394 2481 452 2542 hoc
482 2479 649 2561 graviorem
675 2476 787 2538 faciunt
809 2474 987 2549 orationem,
1005 2472 1152 2535 brevesas

170 2568 302 2629 celerem
317 2587 353 2627 ac
367 2526 522 2626 ’mobilem
568 2560 742 2642 Utrumque
763 2559 839 2621 locis
859 2556 940 2618 utile.
987 2556 1069 2619 Nam
1084 2572 1120 2621 et

170 2650 252 2724 illud,
271 2650 320 2711 ubi
344 2670 419 2731 opus
443 2661 489 2709 est
507 2644 679 2722 velocitate,
697 2643 812 2706 tardum
827 2655 857 2703 et
871 2661 976 2723 segne,
993 2656 1025 2704 et
1040 2643 1116 2721 hoc,

170 2734 220 2797 ubi
237 2735 352 2816 pondus
369 2732 506 2814 exigitur,
523 2752 669 2814 praeceps
685 2751 720 2792 ac
736 2728 893 2802 resultans,
907 2726 1014 2789 merito
1030 2728 1119 2789 dam·

171 2833 265 2881 uetur.
316 2817 394 2881 Sit
387 2840 414 2878 m
442 2817 499 2879 hoc
523 2836 642 2899 quoque
668 2814 776 2897 aliquid
805 2813 931 2875 sortasse
957 2814 1118 2891 momenti,

171 2903 252 2985 quod
268 2917 297 2965 et
312 2902 406 2985 longis
422 2902 582 2983 longiores,
600 2915 631 2962 et
645 2900 783 2962 brevibus
803 2912 870 2961 sunt
886 2898 1038 2960 breviores
1053 2898 1120 2979 syl·
1128 2919 1152 2961 at

172 2988 278 3053 labae:
304 3001 345 3063 ut,
352 2987 498 3086 'quamvis
520 3006 615 3069 neque
635 2986 701 3068 plus
717 2984 833 3047 duobus
849 2982 1043 3079 temporibus,
1061 3003 1120 3044 na·

169 3097 229 3159 que
245 3097 303 3139 uno
319 3074 415 3137 miuus
432 3073 540 3135 habere
556 3070 712 3133 videantur
730 3067 896 3152 (ideoque
888 3089 918 3128 m
932 3064 1034 3128 metris
1049 3087 1119 3128 om·

171 3184 224 3223 nes
251 3162 359 3223 breves
386 3159 549 3241 longaeque
574 3156 650 3219 inter
675 3178 709 3219 se
735 3155 877 3217 obsessae
903 3164 970 3213 sunt
994 3150 1114 3234 pares,)

112 3320 120 3341 ¹
172 3245 261 3305 lateat
277 3260 375 3306 tamen
392 3244 494 3305 nescio
511 3242 592 3324 quid,
608 3242 686 3323 quod
704 3254 843 3324 supersit,
855 3251 904 3299 aut
918 3236 1006 3299 desit
1035 3235 1117 3298 Nam

174 3348 311 3388 versuum
336 3327 455 3407 propria
478 3326 610 3387 conditio
633 3341 690 3402 est,
709 3323 864 3408 ideoque'
856 3344 886 3383 m
907 3321 952 3383 his
967 3321 1151 3403 quaedamst

173 3410 262 3473 etiam
294 3430 477 3471 communes.
526 3409 648 3473 Veritas
678 3432 763 3486 vero,
789 3409 857 3491 quia
887 3406 997 3489 patitur
1019 3426 1116 3488 aeque

173 3496 298 3559 brevem
318 3516 385 3556 esse
401 3495 449 3555 vel
469 3495 587 3577 longam
607 3496 756 3571 vocalem,
773 3514 844 3555 cum
866 3505 912 3553 est
933 3491 1009 3567 sola,
1026 3512 1116 3574 quam

174 3604 242 3646 cum
259 3602 326 3647 eam
341 3596 538 3645 consonantes
562 3602 619 3645 una
641 3580 779 3663 pluresve
801 3556 1009 3663 praecedunt:
1032 3589 1116 3640 certe
