2459 4200
323 282 480 330 terrers
497 282 645 342 euentu
662 287 799 333 carrus.
964 299 966 302 ·
989 268 1057 335 908

114 433 195 499 Nam
210 448 243 497 et
256 432 318 498 sere
333 435 365 499 fit
380 436 439 501 hoc
455 438 484 499 in
499 439 587 501 rebus
603 439 766 503 minoribus
782 461 790 501 ε
813 454 844 505 et
858 440 948 503 iidem
964 441 1060 525 impe·

114 534 161 584 tus
176 521 308 583 actionis
323 542 465 586 essenon
481 539 616 607 possunt,
631 539 662 587 et
675 526 821 609 quaedam
831 526 906 589 uitia
919 528 993 589 fiunt
1007 549 1060 590 nc·

113 606 260 669 cessaria.
308 606 387 669 Nam
409 623 440 670 et
462 609 570 672 dexter
591 630 646 692 pes
668 611 792 673 alaeve
811 610 922 694 judicis
944 612 1060 675 sedenti

111 692 313 775 proferendus
330 706 387 770 est,
404 707 488 755 etex
504 695 594 757 altera
616 710 699 777 parte
718 696 800 759 multi
816 710 916 778 gestus
932 718 1060 761 necesse

91 791 159 839 aest
172 778 202 837 in
218 776 368 839 sinistrum
385 792 462 855 eant,
474 793 506 841 ut
520 781 557 842 ad
569 779 704 864 judicem
719 795 868 864 spectent.
908 780 1061 863 Equidem

111 862 276 946 plerosque
301 863 390 924 etad
414 864 543 947 singulas
566 866 776 927 sententiarum
799 866 947 929 clausulas
970 866 1061 928 video

111 962 317 1029 assurgentes,
336 959 366 1008 et
381 950 536 1013 nonnullos
558 950 682 1023 subinde
701 950 810 1033 aliquid
826 951 914 1013 etiam
930 952 1060 1034 spatian-

111 1046 157 1095 tes
173 1053 180 1093 :
206 1033 290 1115 quod
307 1054 343 1093 en
359 1033 477 1108 deceat,
490 1035 546 1117 ipsi
561 1034 712 1098 viderint:
735 1058 804 1098 cum
820 1036 849 1099 id
866 1034 989 1113 faciunt,
1001 1058 1061 1099 non

111 1118 259 1181 sedentes
275 1131 373 1199 agunt.
406 1119 546 1197 Bibere,
565 1136 615 1183 aut
630 1122 720 1182 etiam
734 1140 793 1183 cere
810 1122 1059 1204 interagendum,

80 1204 195 1286 roquod
225 1203 325 1265 multis
351 1203 442 1266 moris
470 1203 535 1279 suit,
552 1219 584 1267 et
606 1219 654 1266 est
675 1205 863 1287 quibusdam,
880 1208 919 1267 ab
942 1221 1062 1267 oratore

111 1310 185 1351 meo
208 1287 324 1371 procul
341 1288 428 1349 absit.
476 1288 554 1351 Nem
581 1290 606 1351 si
630 1289 695 1372 quis
721 1290 806 1354 aliter
829 1290 948 1351 dicendi
970 1310 1063 1352 onere

112 1372 251 1457 perferre
267 1394 325 1435 non
341 1373 448 1455 possit,
466 1396 525 1436 non
541 1373 581 1437 ite
596 1373 739 1437 miserum
755 1388 801 1437 est
814 1394 989 1456 nonagere,
1008 1394 1062 1457 pn·

111 1458 237 1605 piusque
254 1458 359 1536 multo,
377 1480 465 1541 quam
480 1474 511 1523 et
525 1460 625 1543 operis
641 1473 672 1523 et
688 1460 842 1523 hominum
857 1475 1063 1545 contemptum

123 1546 212 1607 eteri.

79 1650 104 1689 rs
162 1630 277 1693 Cultus
291 1650 351 1691 non
366 1644 412 1692 est
426 1631 563 1715 proprius
579 1632 705 1696 oratoris
720 1631 836 1717 aliquis,
853 1634 908 1697 sed
923 1633 1017 1715 magis
1032 1632 1062 1695 in

111 1730 234 1779 oratore
262 1714 455 1797 conspicitur.
503 1715 608 1786 Quare
635 1718 685 1795 sit,
705 1731 738 1779 ut
763 1720 901 1781 omnibus
927 1718 1062 1778 honestis

111 1800 206 1872 debet
226 1822 307 1877 esse,
325 1800 496 1881 splendidus
513 1815 543 1863 et
558 1802 661 1863 virilis.
708 1800 787 1863 Nam
807 1815 838 1862 et
855 1816 937 1879 toga,
955 1813 986 1860 et
1001 1800 1062 1861 cal·

110 1906 201 1963 cens,
217 1900 248 1947 et
262 1886 399 1969 capillus,
411 1900 470 1947 tam
486 1885 575 1947 nimia
592 1906 675 1959 cure,
687 1905 776 1967 quam
790 1883 978 1967 negligentia,
996 1897 1064 1947 sunt

111 1971 375 2054 reprehendenda.
410 1970 468 2033 Est
480 1970 590 2053 aliquid
606 1971 635 2031 in
651 1970 763 2033 amictu
777 1991 786 2046 ;
809 1970 890 2055 quod
902 1968 1000 2053 ipsum
1011 1969 1062 2033 eli·

78 2072 264 2141 anquatenus
280 2072 448 2140 temporum
465 2056 636 2120 conditione
656 2072 800 2121 mutatum
815 2072 871 2121 est.
917 2055 994 2122 Nam
1011 2078 1062 2120 ve·

111 2145 230 2206 teribus
253 2144 323 2206 nulli
347 2143 452 2206 sinus:
476 2165 620 2228 perquam
640 2143 749 2206 breves
768 2158 838 2226 post
852 2142 1061 2206 illossuerunt.

113 2227 226 2314 Itaque
250 2230 339 2291 etiem
362 2244 446 2311 gestu
469 2249 596 2290 necesse
619 2241 666 2288 est
685 2249 758 2288 usos
780 2249 848 2288 esse
863 2227 893 2286 in
908 2226 1063 2308 principiis

113 2337 169 2378 eos
186 2315 258 2391 alio,
271 2335 396 2398 quorum
413 2312 575 2388 brachium,
588 2311 666 2373 sieut
678 2311 880 2386 Graecorum,
890 2323 975 2372 veste
990 2331 1064 2372 con·
1099 2319 1103 2325 '

114 2400 276 2464 tinebetur.
321 2398 385 2462 Sed
400 2419 455 2460 nos
466 2398 504 2460 de
520 2395 725 2478 praesentibus
741 2394 898 2476 loquimur.
937 2394 998 2456 Cui
1012 2394 1065 2456 lati

81 2500 106 2542 2⁵
116 2486 199 2549 clevi
211 2485 260 2570 jus
277 2505 335 2546 non
351 2483 418 2558 erit,
435 2482 475 2543 ita
491 2481 640 2562 cingatur,
654 2494 685 2542 ut
704 2479 822 2541 tunicae
841 2478 989 2561 prioribus
1004 2478 1065 2541 oris

117 2570 196 2633 infra
224 2589 319 2651 genua
342 2568 482 2649 paullum,
500 2565 714 2648 posterioribus
737 2565 775 2627 ad
797 2564 913 2626 medios
936 2564 1065 2648 poplites

116 2675 217 2736 usqne
234 2652 416 2734 perveniant.
464 2650 542 2712 Nam
557 2649 630 2712 insra
645 2650 800 2712 mulierum
816 2664 872 2727 est,
890 2672 979 2734 supra
994 2672 1065 2713 cen·

117 2739 283 2802 turionum.
330 2735 376 2800 Ut
401 2758 548 2821 purpurae
575 2751 658 2800 recte
682 2737 878 2814 descendant,
896 2737 970 2800 levis
994 2757 1066 2800 cura

119 2838 181 2888 est.
206 2821 356 2887 ‘Notatur
380 2821 495 2887 interim
522 2823 709 2906 negligentia.
757 2822 870 2886 Latum
896 2823 1066 2886 habentium

84 2910 241 2973 octavum
264 2911 371 2974 modus
394 2925 451 2987 est,
469 2924 500 2972 ut
524 2910 563 2972 sit
584 2910 715 2991 paullum
738 2910 844 2971 cinctis
867 2909 1063 2970 summissior.

120 2994 228 3079 Ipsam
258 3008 356 3076 togam
387 2995 543 3056 rotundam
570 3014 650 3067 esse,
668 3006 698 3053 et
721 3005 790 3073 apte
817 3012 938 3052 caesam
963 2992 1063 3052 velim.

121 3079 225 3142 Aliter
240 3077 318 3138 enim
334 3078 432 3138 multis
448 3076 545 3139 modis
559 3077 612 3136 fiet
630 3075 770 3136 enormis.
812 3073 889 3136 Pers
906 3073 970 3158 ejus
986 3075 1067 3156 prior

120 3162 230 3226 mediis
243 3162 376 3224 cruribus
389 3161 501 3244 optime
517 3159 700 3236 terminatur,
712 3158 861 3242 posterior
876 3159 982 3222 eadem
997 3181 1067 3244 por·

120 3249 204 3312 tione
227 3246 384 3330 altiusque
406 3245 549 3308 cinctura.
599 3243 691 3309 Sinus
706 3244 946 3325 decentissimus,
965 3246 989 3309 si
1014 3247 1067 3311 ali·

90 3349 114 3392 ns
140 3331 235 3396 'uento
250 3353 339 3416 supra
359 3333 449 3394 imam
468 3346 567 3414 togam
586 3327 689 3409 suerit,
703 3351 853 3414 nunquam
869 3348 952 3396 certe
968 3334 1006 3397 sit
1023 3335 1067 3396 in·

122 3355 223 3482 ierint.
271 3415 339 3496 Ille,
357 3417 407 3501 qui
429 3417 484 3480 sub
499 3418 624 3480 humero
641 3418 747 3481 dextro
767 3417 806 3480 ad
827 3418 976 3483 sinistrum
991 3419 1066 3480 obli·

144 3527 182 3566 ue
213 3504 340 3580 ducitur,
362 3504 443 3566 velut
473 3503 599 3582 balteus,
616 3525 673 3566 nec
703 3505 876 3588 strangulet,
899 3524 955 3566 nec
982 3502 1062 3561 fluat.

124 3525 204 3653 lars
230 3603 330 3673 togae,
347 3611 422 3673 quae
445 3603 551 3674 postea
577 3589 749 3672 imponitur,
767 3591 805 3653 sit
828 3588 972 3652 inferior:
996 3601 1065 3646 nem
