2459 4200
362 277 515 344 aaaron
532 297 683 354 ouansrr
700 303 837 350 carina.
1025 297 1089 360 lan

138 452 171 513 in
184 451 261 514 hunc
278 449 429 514 transferri
440 451 607 537 justissime
623 454 728 538 possit,
740 455 771 518 in
785 457 873 522 labris
887 457 953 545 ejus
968 463 1086 530 sedisse

138 537 288 622 quandam
305 537 504 620 persuadendi
521 540 636 616 deam„

146 639 151 644 ·
182 620 268 693 Quid
294 622 474 706 reliquorum
500 624 725 687 Socraticum
750 627 956 710 elegantiam?
998 631 1084 704 Quid

140 707 364 770 Aristotelem?
386 728 475 791 quem
497 710 600 772 dubito
623 710 747 774 scientia
769 733 879 792 rerum,
896 736 933 777 an
956 717 1083 802 scripto·

115 811 208 856 orum
224 793 320 876 copia,
338 814 375 855 an
391 793 549 878 eloquendi
565 796 721 874 suavitate,
738 819 776 860 an
794 799 996 863 inventionum
1011 823 1083 866 acu·

139 879 233 957 mine,
250 899 286 941 an
302 879 442 942 varietate
461 901 597 964 operum,
614 881 772 945 clariorem
795 899 907 968 putem.
954 885 1032 949 Nam
1053 887 1084 952 io

145 963 351 1046 Theophrasto
370 978 431 1026 tam
452 979 498 1027 est
519 965 659 1049 loquendi
682 968 760 1031 nitor
782 969 832 1032 ille
845 969 974 1048 divinus,
990 987 1023 1036 ut
1041 995 1085 1038 ex

138 1069 177 1112 eo
192 1070 302 1112 nomen
317 1069 436 1133 qnoque
452 1051 576 1114 traxisse
592 1053 718 1115 dicator.

182 1131 285 1198 Minus
301 1135 450 1198 indulsere
463 1136 650 1220 eloquentiae
666 1139 764 1200 stoici
775 1156 893 1204 veteres
910 1161 918 1202 r
941 1143 997 1206 sed
1011 1163 1083 1208 cum

104 1220 261 1282 inhonesta
278 1235 444 1297 suaserunt,
457 1236 520 1283 tum
536 1221 564 1282 in
580 1222 751 1305 colligendo
767 1225 993 1308 probandoque,
1006 1249 1083 1310 quae

138 1305 334 1382 instituerant,
359 1306 518 1390 plurimum
548 1307 726 1369 valuerunt:
758 1309 847 1371 rebus
873 1325 973 1372 tameo
1002 1312 1083 1374 acuti

137 1389 243 1474 magis,
259 1413 362 1475 quam,
380 1391 409 1454 id
424 1393 506 1474 quod
522 1413 593 1455 sane
609 1413 668 1454 non
684 1393 835 1470 affectant,
853 1395 985 1458 untione
1000 1417 1082 1480 mag·

137 1476 230 1539 nilici.
467 1535 469 1545 ,

182 1559 270 1625 Idem
288 1561 374 1624 nobis
395 1584 449 1646 per
468 1561 626 1626 Romanos
642 1585 762 1648 quoque
776 1579 915 1628 auctores
935 1566 1012 1631 ordo
1025 1567 1080 1631 du·

103 1648 250 1710 racendus
267 1661 322 1710 est.

182 1731 288 1815 Itaque
304 1748 336 1795 ut
351 1732 432 1815 apud
446 1733 513 1796 illos
530 1732 697 1810 Homerus,
715 1735 759 1797 sic
775 1736 855 1816 apud
870 1757 926 1798 nos
940 1737 1082 1818 Virgili-

136 1837 173 1879 us
189 1818 455 1902 auspicatissimum
472 1819 587 1881 dederit
604 1818 775 1894 exordium,
791 1818 923 1880 omnium
943 1819 1009 1902 ejus
1028 1840 1081 1902 ge·

135 1903 217 1965 neris
240 1907 407 1987 poetarum,
426 1903 616 1966 Graecomm
638 1918 879 1986 nostrorumque,
897 1903 1081 1968 hauddubie

136 1988 302 2072 proximus.
343 1987 422 2052 Utar
436 1989 514 2052 enim
526 1988 625 2051 verbis
641 1988 759 2064 iisdem,
770 2009 903 2072 quaeex
916 1988 994 2053 Afro
1009 1989 1080 2054 Do·

101 2074 221 2139 comitio
232 2073 351 2159 juvenis
367 2075 475 2159 excepi
493 2095 500 2136 ι
524 2074 572 2159 qui
593 2074 664 2138 mihi
680 2075 881 2158 interroganti,
898 2097 987 2160 quem
1010 2075 1079 2141 Ho-

137 2182 220 2223 mero
244 2161 382 2224 crederet
400 2161 529 2224 maxime
551 2163 711 2237 accedere,
729 2162 899 2236 Secundus,
918 2163 947 2223 in
969 2163 1021 2239 nit,
1038 2172 1082 2224 est

144 2246 307 2329 Virgilius,
315 2248 461 2329 proprior
476 2257 574 2307 tamen
587 2247 700 2329 primo,
713 2266 802 2327 wem
817 2247 916 2306 tertio.
987 2261 998 2307 t
1012 2247 1080 2307 her·

138 2332 203 2394 cule
219 2345 250 2394 ut
266 2332 306 2394 illi
321 2346 441 2395 naturae
458 2330 583 2394 coelesti
603 2345 693 2413 atque
713 2329 871 2390 immortali
886 2328 1078 2407 cesserimus,

137 2416 176 2479 ita
192 2440 282 2481 curae
297 2431 328 2480 et
344 2417 511 2501 diligentiae
527 2416 576 2479 vel
591 2415 661 2477 ideo
676 2414 706 2475 in
720 2414 780 2475 hoc
797 2412 863 2495 plus
881 2424 939 2487 est,
954 2413 1036 2495 qnod
1051 2414 1080 2475 ei

100 2499 191 2567 soluit
213 2503 306 2586 magis
325 2503 542 2565 laborandum:
567 2514 596 2563 et
611 2514 753 2583 quantum
774 2496 970 2560 eminentibus
985 2498 1079 2561 vinci·

138 2608 213 2665 mur,
231 2587 355 2652 fortasse
372 2588 548 2673 aequalitate
564 2607 733 2671 pensamus.
768 2628 780 2664 s

181 2672 284 2737 Ceteri
300 2696 405 2737 omnes
421 2674 508 2757 longe
529 2686 699 2756 sequentur.
746 2669 825 2734 Nam
837 2670 953 2733 Macer
967 2685 998 2735 et
1014 2670 1079 2734 Lu·

139 2758 247 2821 cretius
261 2760 379 2843 legendi
395 2760 527 2843 quidem,
544 2759 673 2822 sednon
689 2772 721 2821 ut
737 2756 867 2842 phrasin,
880 2755 915 2830 jd
935 2772 993 2834 est,
1011 2778 1078 2820 cot·

137 2864 192 2927 pus
208 2844 393 2928 eloquentiae
408 2844 519 2907 saciant
535 2866 543 2906 ε
567 2844 718 2927 elegantes
734 2844 764 2905 in
779 2865 831 2905 sua
846 2842 971 2926 quisque
986 2856 1079 2906 mate·

101 2928 191 3007 aona,
202 2931 256 2992 sed
272 2931 346 2993 alter
360 2930 490 3006 humilis,
502 2932 575 2994 alter
587 2930 726 2992 difficilis.
767 2927 919 2988 Atacinus
937 2928 1034 2989 Varro
1049 2928 1079 2989 in

136 3013 183 3091 iis,
201 3036 256 3098 per
271 3036 347 3098 quae
366 3036 475 3076 nomen
495 3027 541 3076 est
561 3028 729 3087 assecutus,
747 3013 892 3091 interpres
913 3011 1013 3087 operis
1027 3010 1079 3071 alie

136 3100 196 3177 eni,
214 3119 274 3159 non
290 3100 472 3179 spernendus
487 3098 621 3179 quidem,
632 3115 736 3156 verum
751 3092 790 3153 ad
806 3091 972 3170 aagendam
987 3088 1080 3153 lacul-

134 3198 229 3247 tatem
249 3180 368 3243 dicendi
388 3202 493 3263 parum
513 3178 660 3263 locuples.
709 3174 862 3251 Ennium,
878 3173 956 3236 sicut
977 3195 1080 3241 sacros

134 3279 285 3332 vetustate
300 3265 397 3342 lucos,
415 3266 584 3341 adoremus,
603 3264 633 3325 in
648 3261 754 3347 quibus
771 3259 892 3344 grandia
912 3274 943 3323 et
961 3261 1081 3347 antiqua
1117 3300 1121 3307 ·

101 3354 245 3421 asrobora
262 3350 404 3437 jamnon
425 3364 535 3414 tantam
558 3350 669 3415 habent
687 3347 833 3433 speciem,
851 3364 989 3431 quantam
1011 3350 1079 3415 reli·

136 3440 265 3524 ponem.

181 3524 345 3609 Propiores
362 3524 422 3602 alii,
440 3536 527 3607 atque
543 3523 581 3585 ad
597 3522 668 3600 hoc,
686 3522 724 3585 de
739 3542 799 3607 quo
814 3521 972 3606 loquimur,
986 3519 1079 3600 magis

136 3608 234 3677 utiles·
282 3611 432 3677 Lascivus
452 3609 573 3693 quidem
596 3609 626 3671 in
648 3608 777 3673 heroicis
797 3629 916 3693 quoque
936 3602 1077 3695 Ovidium

409 3698 469 3760 11*
