2459 4200
353 277 505 322 srnncrr
522 277 672 332 nunna
690 279 825 324 cserrs.
1011 265 1073 333 118

174 423 273 490 Nobis
300 441 399 490 autern
426 429 513 513 copia
541 451 609 492 omn
636 429 753 514 judicio
778 431 909 515 paranda
938 444 996 510 est,
1012 431 1074 496 vim

133 513 249 590 orandi,
274 533 335 574 nou
365 513 582 576 circulatoriam
613 514 828 580 volubilitatem
858 517 1071 598 spectantibus.

131 595 170 660 Id
185 611 286 660 autem
302 617 521 680 consequemur
536 598 649 681 optima
666 600 793 682 legendo
808 612 897 683 atque
912 601 1070 666 audiendo.

132 680 204 744 Non
225 682 304 744 enim
323 681 419 744 solum
440 683 560 745 nomina
580 683 646 766 ipsa
666 705 766 747 rerum
784 705 1002 767 cognoscemus
1016 687 1074 752 hnc

64 771 66 778 ⁴
112 787 218 844 seme,
235 766 288 828 sed
311 765 364 828 eui
376 767 516 850 quodque
537 767 607 828 loco
626 768 665 831 sit
685 769 879 851 aptissimum.
926 767 1074 838 Omnibus

134 851 215 912 enim
229 848 290 912 fere
306 851 417 926 verbis,
435 865 554 934 praeter
569 873 771 999 paucaqquae
789 867 856 916 sunt
869 875 975 937 parum
989 875 1075 918 vere·

132 935 243 1012 eunde,
260 934 289 996 in
310 935 444 998 oratione
464 936 556 998 locus·
572 950 628 1000 est.
705 959 753 1000 nm
776 937 939 1035 scriptores
953 938 1075 1022 quidem

131 1019 299 1082 iamborum
311 1019 480 1102 veterisque
493 1021 671 1084 comoediae
686 1022 776 1085 etiam
791 1022 821 1084 in
835 1022 892 1085 rllis
907 1043 999 1106 saepe
1013 1023 1075 1086 lau·

133 1105 260 1166 dautur:
286 1104 341 1166 sed
364 1104 448 1166 nobis
471 1119 603 1168 nostrum
625 1127 701 1189 opus
723 1106 840 1170 interim
861 1106 937 1168 tueri
956 1119 1003 1170 sat
1016 1120 1072 1171 est.

102 1211 126 1250 ru
133 1188 243 1252 Omnia
258 1189 362 1265 verba,
380 1188 516 1272 exceptis
535 1191 574 1251 de
590 1190 695 1271 quibus
711 1190 785 1266 dixi,
803 1204 870 1252 sunt
890 1189 998 1252 alicubi
1021 1210 1076 1272 op·

133 1273 229 1336 tima:
254 1294 322 1335 nam
345 1287 375 1334 et
396 1272 554 1338 humilibus
577 1273 694 1334 iuterim
714 1287 744 1334 et
759 1272 926 1353 vulgaribus
940 1292 1030 1354 opus,
1046 1286 1077 1336 et

134 1379 210 1442 quae
225 1357 363 1420 nitidiore
380 1357 408 1418 in
424 1371 509 1440 perte
524 1357 662 1420 videntur
682 1355 815 1433 sordida,
832 1354 882 1420 nbi
897 1375 946 1418 res
960 1355 1074 1440 poscit,

132 1463 187 1525 pro
210 1442 253 1505 rie
270 1442 416 1506 dicuntur.

213 1548 268 1590 aec
293 1541 325 1589 ut
350 1527 491 1605 sciamus,
510 1543 597 1612 etque
612 1551 725 1592 eorum
745 1550 806 1594 non
831 1526 1076 1628 significationem

104 1611 238 1689 rsmudo‚
256 1612 310 1674 sed
328 1610 439 1676 formas
462 1613 551 1676 etiam
574 1635 787 1700 mensurasque
805 1636 937 1678 nummus
951 1628 994 1692 et,
1010 1613 1075 1677 ubi·

133 1718 251 1781 cunque
268 1697 476 1780 erumpente,
494 1721 529 1762 en
551 1699 741 1776 conveniant,
757 1700 813 1761 nisi
834 1699 926 1762 multa
945 1699 1075 1762 lectione

121 1794 223 1865 'etque
249 1781 399 1844 anditione
426 1784 545 1866 assequi
574 1783 655 1845 nullo
681 1783 773 1844 modo
800 1802 984 1864 possumns3
1006 1801 1076 1842 curn

134 1888 255 1929 omnem
271 1888 438 1934 sermonem
454 1867 572 1930 nuribus
591 1867 719 1950 primum
734 1865 928 1947 accipiamus.
976 1863 1041 1926 Pro

134 1965 181 2014 ter
196 1951 275 2036 quod
290 1950 415 2014 infantes
431 1973 449 2014 e
463 1952 551 2014 mutis
566 1950 729 2014 nutricibus
743 1948 829 2034 jussu
843 1969 948 2032 regum
961 1947 991 2011 in
1001 1969 1041 2031 ,so
1053 1948 1077 1994 ‘-

100 2035 235 2098 uetudine
251 2036 389 2115 educati„
400 2037 516 2101 etiamsi
532 2037 625 2101 verba
639 2036 787 2120 quaedam
808 2033 944 2098 emisisse
958 2033 1075 2099 eadm·

133 2136 190 2199 tur,
209 2135 308 2185 tamen
323 2122 464 2205 loquendi
479 2121 619 2203 facultate
634 2134 802 2185 caruerunt.

179 2206 257 2271 Sunt
271 2220 370 2271 autem
386 2206 442 2269 alie
458 2206 543 2291 hujus
558 2220 691 2279 naturae,
705 2220 736 2267 nt
750 2205 830 2266 idem
845 2202 977 2285 pluribus
991 2202 1075 2264 voci·

134 2292 188 2355 bus
205 2292 370 2369 declarent,
389 2291 428 2353 ita
444 2306 475 2354 nt
490 2291 561 2352 nihil
576 2288 810 2371 significationis,
823 2306 883 2368 quo
897 2286 998 2367 potius
1013 2297 1076 2347 uta·

134 2377 184 2455 ris,
203 2376 341 2440 intersit:
372 2391 403 2438 ut
429 2376 508 2437 ensis
537 2388 567 2436 et
589 2372 741 2455 gladius:
771 2369 840 2444 alia,
856 2388 932 2449 quae
962 2367 1077 2463 etiqmsi
1115 2397 1120 2413 ,

102 2462 255 2546 aspropria
271 2482 368 2523 rerum
385 2460 545 2543 aliquarum
566 2458 622 2521 sint
641 2455 770 2532 nomina,
787 2461 918 2533 τροπικῶς
934 2472 1020 2537 quasi
1034 2463 1076 2514 tr·

134 2568 204 2609 meu
220 2547 258 2609 ed
280 2545 408 2609 eundem
429 2540 770 2615 intellectumleruntur,
787 2553 819 2601 ut
829 2535 953 2620 ferrum
967 2550 998 2599 et
1012 2554 1076 2599 mtt-

135 2651 197 2693 ere.
245 2628 322 2693 Nam
345 2652 400 2713 per
422 2629 595 2691 abusionem
609 2626 738 2689 sicarios
757 2624 847 2687 etiam
867 2644 971 2686 omnes
985 2641 1078 2685 voca·

136 2737 215 2792 mus,
232 2715 281 2798 qni
308 2716 434 2777 caedem
458 2714 519 2775 telo
541 2731 718 2796 quocunque
744 2708 958 2772 commiserint.
1006 2706 1079 2770 Alia

136 2799 263 2863 circuitu
285 2799 445 2862 verborum
470 2798 596 2881 plurium
619 2796 827 2859 ostendimus:
851 2792 936 2877 quale
959 2805 1018 2869 est,
1034 2790 1079 2853 Et

102 2886 230 2968 supremi
246 2885 334 2967 copie
350 2884 447 2946 lactis.
496 2882 629 2946 Plurima
643 2902 716 2943 vero
731 2879 893 2943 mutatione
907 2878 1076 2961 figuramus,

141 2972 225 3049 Seio,
235 2970 315 3032 Non
329 2968 451 3051 ignoro,
469 2982 510 3045 et,
524 2969 603 3030 Non
618 2986 662 3027 me
670 2964 772 3045 fugin
784 2978 825 3038 et,
837 2963 917 3023 Non
931 2981 976 3021 me
987 2978 1078 3040 pree·

136 3056 219 3132 terit,
237 3068 278 3132 et,
302 3052 526 3131 nuisement
548 3066 589 3127 et,
611 3049 743 3110 Nemini
766 3045 890 3105 dubium
913 3050 979 3135 est.⁸
1013 3040 1080 3103 Sed

139 3138 229 3201 etiam
248 3160 287 3201 ex
307 3138 447 3222 proximo
469 3134 593 3199 mutuari
611 3132 693 3194 licet.
740 3127 820 3188 Nam
835 3138 865 3186 et
879 3122 1032 3222 intellego,
1050 3137 1081 3185 et

137 3224 246 3298 sentio,
264 3237 293 3285 et
314 3224 412 3300 video,
430 3242 521 3304 saepe
544 3220 624 3280 idem
643 3214 753 3288 valent,
770 3209 858 3307 quod·
873 3228 945 3271 teto.
992 3205 1080 3281 Quo·

104 3328 204 3373 esrum
217 3308 304 3372 nobis
320 3309 486 3371 ubertatem
502 3326 537 3367 ec
554 3301 671 3365 divitias
687 3297 770 3362 dabit
788 3294 893 3373 lectio,
909 3307 1016 3359 utnon
1031 3316 1080 3359 so·

128 3388 197 3457 lum
217 3394 371 3477 quomodo
393 3401 562 3465 occurrent,
580 3387 636 3450 sed
657 3384 747 3449 etiam
772 3382 926 3467 quomodo
949 3393 1080 3466 oportet,

137 3492 264 3543 utamur.
305 3478 377 3541 Non
392 3496 512 3560 semper
528 3472 606 3535 enim
622 3471 698 3534 haee
713 3470 788 3533 inter
803 3490 837 3532 se
852 3468 933 3531 idem
947 3466 1080 3529 laniunt:

139 3584 208 3641 nee,
220 3564 299 3627 sient
315 3563 353 3628 de
368 3561 520 3624 intellectu
536 3556 626 3621 animi
641 3570 724 3620 recte
740 3554 866 3620 dixerim
880 3550 978 3623 video,
990 3548 1031 3606 ite
1042 3540 1081 3604 de

418 3650 477 3708 10ll
