2459 4200
70 281 74 288 '
177 277 239 340 tta
467 289 505 334 rr.
524 289 620 336 naara
637 287 861 342 autumnum

173 441 417 530 perveniendum.
464 437 532 504 Nec
552 441 624 504 satis
639 453 698 518 est,
713 460 773 502 uon
792 439 941 523 ignorare,
957 460 1036 523 quae
1050 453 1119 503 sunt

174 547 329 593 causarum
348 525 533 612 judicialium
556 541 671 610 partes,
686 539 736 588 aut
750 523 959 608 quaestionum
980 525 1119 588 ordinem

173 626 257 677 recte
284 611 467 696 disponere:
490 631 658 696 quanquam
680 611 737 672 ista
761 609 820 672 sint
845 609 1030 694 praecipua:
1061 609 1118 674 sed

174 698 245 784 quid
256 715 375 782 quoque
387 697 457 760 loco
469 696 652 782 primum'sit
665 716 702 760 ac
717 694 894 772 secundum,
906 710 938 758 et
949 695 1094 779 deinceps
1109 716 1117 755 :

175 803 251 882 quae
275 783 315 846 ita
337 796 404 846 sunt
427 796 528 846 natura
549 781 700 880 copulata,
717 793 749 843 ut
770 779 876 843 mutari
898 793 950 843 aut
972 779 1140 844 intervallis

176 889 239 932 sme
255 866 429 932 confusione
444 888 504 930 non
519 880 644 950 possmt.
681 864 827 948 Quisquis
842 878 942 928 autem
956 865 1007 928 via
1023 865 1116 944 dicet,

176 953 302 1016 ducetur
316 966 383 1016 ante
398 952 498 1015 omnia
512 950 611 1014 reruni
626 950 691 1034 ipsa
706 949 795 1027 serie,
806 950 888 1012 velut
902 950 1002 1012 duce:
1025 971 1119 1034 prop·

175 1051 220 1100 ter
235 1037 467 1120 quod'bomines
486 1037 575 1100 etiam
597 1035 718 1098 modice
734 1034 899 1112 exercitati,
915 1032 1056 1097 facillime
1071 1049 1119 1097 te·

176 1143 280 1186 norem
300 1122 329 1185 in
347 1122 562 1186 narrationibus
583 1135 712 1184 servants
759 1118 895 1197 Deinde,
911 1118 983 1208 quid
997 1141 1120 1205 quoque

175 1207 246 1270 loco
262 1222 415 1292 quaerant,
433 1208 541 1285 scient,
557 1227 614 1269 nec
631 1204 921 1289 circumspectabunt
937 1225 946 1281 3
967 1227 1027 1269 nec
1042 1206 1151 1268 offe-m

176 1293 308 1358 rentibus
323 1314 357 1358 se
372 1292 489 1357 aliunde
503 1291 639 1356 sensibus
654 1291 856 1368 turbabuntur,
867 1311 925 1352 nec
936 1288 1120 1354 confundent

175 1399 217 1440 ex
233 1378 357 1442 diversis
374 1379 549 1455 orationem,
566 1377 649 1440 velut
667 1375 806 1439 salientes
821 1375 880 1438 huc
898 1375 980 1451 illuc,
996 1397 1054 1440 uec
1070 1397 1120 1440 us·

158 1519 161 1530 .
177 1483 265 1545 quam
277 1463 456 1526 insistentes.
497 1461 660 1525 Postremo
670 1461 821 1524 habebunt
834 1459 958 1522 modum
973 1474 1003 1522 et
1014 1461 1118 1538 finem,

198 1547 226 1608 ui
249 1567 317 1608 esse
337 1546 411 1609 citra
427 1547 603 1609 divisionem
625 1545 721 1607 nullus
743 1559 853 1629 potest.
901 1544 1040 1629 Expletis
1062 1567 1120 1630 pro
1216 1580 1217 1583 ¹

176 1565 316 1694 laenitate
331 1630 479 1709 omuibus,
497 1651 574 1714 quae
595 1630 816 1714 proposuerint,
834 1630 1007 1715 pervenisse
1027 1651 1062 1695 se
1080 1631 1153 1694 adst

176 1714 310 1779 tddmum
325 1715 461 1780 sentient.

220 1799 264 1865 Et
283 1801 359 1866 haec
375 1801 497 1887 quidem
514 1819 550 1864 cc
569 1811 646 1879 orte,
662 1800 712 1864 illa
727 1822 800 1864 vero
815 1822 851 1864 ca
865 1801 992 1864 studio:
1013 1816 1045 1866 ut
1065 1823 1120 1865 co·

177 1888 257 1972 piam
273 1889 419 1952 sermonis
435 1887 551 1972 optimi,
564 1887 834 1970 quaemadmodum
848 1900 1045 1972 praeceptum
1060 1901 1118 1965 est,

178 1991 387 2055 comparemus
403 1994 412 2048 3
434 1974 528 2034 multo
547 1993 583 2034 ac
601 1971 682 2034 fideli
702 1972 770 2035 stilo
791 1972 836 2034 sic
851 1971 994 2036 formetur
1008 1971 1118 2051 oratio,

177 2069 208 2118 ut
226 2055 408 2139 scriptorum
432 2056 577 2133 colorem,
596 2056 685 2119 etiam
700 2077 778 2142 quae
800 2054 898 2121 subito
920 2057 1015 2122 effusa
1038 2072 1151 2136 sunt,ao

176 2140 326 2218 reddant3
349 2156 381 2205 ut
396 2164 464 2207 cum
480 2142 571 2205 multa
586 2141 805 2225 scripserimus,
821 2142 912 2207 etiam
930 2144 1021 2207 multa
1035 2145 1119 2208 dica·

178 2246 253 2291 mus.
300 2226 380 2292 Nam
400 2228 581 2292 consuetudo
598 2241 629 2291 et
642 2229 813 2291 exercitatio
828 2226 1001 2292 facilitatem
1023 2230 1119 2293 maxi·

178 2334 226 2378 me
241 2313 329 2400 parit,
346 2336 422 2400 quae
438 2315 463 2379 si
484 2315 645 2400 paullulum
664 2314 830 2378 intermissa
845 2312 943 2392 suerit,
959 2336 1020 2377 non
1035 2316 1118 2378 velo·

178 2400 252 2465 citas
268 2400 317 2465 illa
333 2402 423 2465 modo
440 2403 580 2479 tardamr,
592 2399 645 2463 sed
661 2400 760 2485 ipsum
775 2422 809 2463 os
821 2420 940 2484 quoque
955 2400 1115 2463 concurrit.

221 2485 402 2569 Quanquam
417 2488 495 2549 enim
512 2508 587 2569 opus
603 2498 650 2547 est
667 2485 789 2548 naturali
805 2485 933 2568 quadam
954 2485 1155 2549 mobilitatem

177 2571 279 2647 animi,
295 2583 339 2645 ut,
357 2571 427 2632 dum
442 2572 580 2653 proxima
596 2569 735 2648 dicimus,
752 2584 866 2632 struere
886 2570 1026 2634 ulteriora
1047 2592 1117 2655 pos·

177 2654 280 2729 simus,
298 2672 476 2737 semperque
503 2670 634 2717 nostram
656 2675 765 2717 vocem
790 2655 911 2737 provisa
937 2670 969 2718 et
993 2654 1119 2719 formata

177 2736 318 2819 cogitatio
341 2736 496 2819 excipiat:
520 2739 572 2799 vix
594 2752 693 2799 tamen
715 2754 766 2800 aut
788 2751 902 2815 natura,
920 2754 971 2801 aut
991 2741 1066 2803 ratio
1089 2741 1119 2803 in

176 2834 235 2882 tam
258 2819 411 2903 multiplex
435 2821 566 2883 officium
586 2822 729 2883 diducere
751 2820 881 2882 animum
903 2836 1002 2903 queat,
1018 2840 1052 2885 ut
1075 2826 1119 2888 in·

175 2904 318 2982 ventioni,
332 2903 529 2989 dispositioni,
542 2903 715 2979 elocutioni,
726 2902 821 2965 ordini
833 2924 931 2965 rerum
942 2904 1149 2973 verborum-at

176 3010 246 3077 que,
263 3004 325 3054 tum
340 2990 387 3068 iis,
404 3012 479 3075 quae
496 2990 579 3067 dicit,
596 3008 673 3072 qnae
688 2987 896 3073 subjuncturus
912 3004 968 3067 est,
982 3010 1059 3074 quae
1074 2995 1119 3057 ul·

176 3092 220 3141 tra
237 3078 399 3161 spectanda
416 3091 493 3155 sunt,
511 3076 642 3139 adhibita
657 3073 754 3153 vocis,
771 3074 1035 3159 pronunciationis,
1049 3098 1117 3161 ges·

176 3176 222 3225 tus
238 3162 458 3240 observatione,
477 3183 534 3225 una
555 3159 692 3224 sufficiat.
739 3160 847 3242 Longe
863 3160 941 3223 enim
957 3164 1117 3245 praecedat

176 3260 297 3328 oportet
311 3248 446 3322 intentio,
463 3268 499 3309 ac
523 3266 594 3329 prae
618 3266 652 3308 se
673 3265 721 3308 res
742 3258 832 3329 agat:
856 3261 1056 3331 quantumque
1070 3248 1116 3311 di-

177 3329 274 3391 cendo
304 3330 498 3407 consumitur,
522 3344 634 3393 tantum
663 3350 704 3391 cx
729 3330 832 3393 ultimo
855 3346 1053 3415 prorogetur:
1083 3346 1148 3397 otas

177 3414 274 3477 donec
289 3413 496 3499 perveniamus
512 3415 666 3491 adfinem,
683 3435 743 3478 non
757 3415 852 3478 minus
867 3431 1029 3500 prospectu
1044 3438 1114 3501 pro·

177 3500 332 3577 cadamus,
349 3518 437 3582 quam
452 3501 557 3583 gradu,
575 3500 599 3563 si
619 3523 678 3563 non
693 3500 905 3563 intersistentes
921 3502 1115 3567 offensantes·

177 3606 235 3684 quc
250 3584 352 3650 brevia
366 3584 415 3649 illa
435 3599 523 3669 atque
539 3586 663 3650 concisa
683 3584 901 3669 singultantium
922 3587 1014 3649 modo
1032 3586 1114 3673 ejec-

177 3684 234 3735 tun
249 3692 362 3736 sumus.
