2459 4200
185 245 229 316 ΞΩ
472 257 511 315 rt.
529 259 626 316 rann
644 269 867 322 eurartttrrtr

186 419 251 497 fuit,
269 435 299 483 et
314 418 461 485 Catilinae
476 420 562 504 fregit
582 421 737 485 audaciam
759 435 790 484 et
811 420 1056 506 supplicationes,
1073 421 1128 504 qui
1211 332 1213 421 l

187 504 333 570 maximus
356 506 451 570 honor
472 507 636 570 victoribus
658 507 738 571 bello
753 506 878 569 ducibus
894 507 989 583 datur,
1006 506 1036 568 iu
1055 521 1129 590 toga
1213 474 1215 567 l

187 591 322 654 meruit?
365 591 474 654 Nonne
497 591 670 675 perterritos
682 591 810 654 militum
825 591 939 654 animos
955 589 1130 674 frequenter
1213 588 1214 593 ’

186 690 301 740 ametu
315 690 439 740 revocat
454 677 558 754 oratio,
576 691 606 738 et
621 691 665 739 tot
680 676 827 760 pugnandi
848 675 980 759 pericula
999 676 1127 739 ineunti·

186 761 255 838 bus,
280 761 399 825 laudem
424 761 484 824 vita
510 762 662 844 potiorem
686 783 753 824 esse
783 761 971 844 persuadet?
1015 759 1150 844 Nequeo

186 867 260 909 vero
275 868 324 909 me
339 846 574 910 Lacedaemonii
590 861 680 930 atque
694 845 895 909 Athenienses
910 844 1004 928 magis
1020 866 1126 908 move·

183 931 255 1007 rint,
273 950 361 1014 quam
375 931 504 1016 populus
520 929 688 1008 Romanus,
705 931 784 1014 apud
799 949 889 1013 quem
912 949 1027 992 summa
1045 951 1127 992 sem·

185 1023 242 1100 'per
257 1017 423 1079 oratoribus
439 1016 563 1098 dignitas
577 1015 642 1078 suit.
683 1015 833 1100 Equidem
847 1035 904 1076 nec
921 1016 1035 1077 urbium
1051 1030 1126 1077 con·
1213 1010 1214 1083 l

188 1100 300 1164 ditores
315 1121 383 1164 reor
395 1101 479 1163 aliter
489 1101 650 1163 effecturos
662 1099 765 1181 luisse,
778 1115 810 1162 ut
821 1120 894 1182 vaga
907 1099 955 1161 illa
967 1100 1127 1162 multitudo

185 1185 284 1248 coiret
300 1186 329 1248 in
345 1187 485 1270 populos,
496 1186 551 1248 nisi
563 1187 654 1248 docta
667 1205 743 1248 voce
760 1199 933 1247 commota:
950 1198 1007 1247 uec
1023 1185 1161 1268 legumro
1213 1228 1214 1233 η

187 1285 356 1354 repertores
379 1272 442 1334 sine
461 1291 579 1334 summa
593 1270 623 1332 vi
644 1270 747 1332 orandi
763 1283 955 1346 consecutos,
973 1281 1003 1330 u't
1016 1292 1051 1331 se
1068 1271 1128 1353 ipsi

187 1355 324 1420 lromines
347 1357 384 1420 ad
408 1356 579 1420 servitutem
605 1353 681 1439 juris
704 1354 906 1436 astringerent.
953 1353 1035 1422 Quin
1059 1354 1130 1436 ipsa

187 1440 268 1501 'vitae
283 1456 457 1524 praecepta,
470 1440 585 1502 etiamsi
600 1455 702 1502 namra
718 1454 785 1503 sunt
799 1440 934 1514 honesta,
946 1438 1010 1521 plus
1023 1451 1128 1501 tamen

185 1524 227 1585 ad
242 1522 410 1586 formandas
427 1539 540 1586 mentes
555 1525 665 1601 valent,
682 1524 797 1606 quoties
835 1522 1058 1586 ulchritudinem
1075 1545 1127 1585 re·

186 1619 254 1669 rum
285 1608 400 1672 claritas
431 1608 571 1671 orationis
601 1608 753 1671 illuminat.
835 1630 917 1686 uare,
948 1607 1063 1671 etiamsi
1095 1607 1126 1670 in
1135 1630 1162 1668 ιε

186 1702 480 1778 utramquepartem
492 1693 592 1756 valeat
607 1715 689 1756 arma
703 1691 871 1769 facundiae,
888 1713 947 1755 uon
963 1706 1061 1755 tamen
1078 1705 1128 1756 est
1214 1734 1215 1739 κ

185 1785 317 1862 aequum
331 1777 362 1841 id
377 1778 479 1841 haberi
494 1779 614 1854 malum,
633 1799 692 1861 quo
709 1779 785 1841 bene
800 1779 842 1839 uti
857 1778 938 1840 licet.

233 1863 350 1926 Verum
363 1865 440 1927 haec
456 1865 537 1946 apud
558 1885 611 1926 eos
626 1861 751 1926 sortasse
767 1878 953 1945 quaerantur,
971 1858 1020 1945 qui
1043 1880 1125 1924 sum·
1214 1888 1215 1927 1

187 1957 267 2009 imam
278 1947 441 2010 rhetorices
457 1949 495 2009 ad
510 1949 707 2030 persuadendi
718 1949 778 2010 vim
790 1947 960 2009 retulerunt.
1000 1946 1035 2010 Si
1051 1969 1126 2009 vero

187 2045 235 2094 ast
250 2031 321 2092 tene
337 2031 459 2094 dicendi
474 2033 612 2110 scientia,
630 2052 721 2115 quem
733 2051 788 2094 nos
803 2031 892 2093 tinem
915 2032 1075 2115 sequimur,
1094 2043 1159 2094 uto

187 2117 393 2180 trituratoria
415 2117 515 2201 primis
533 2117 582 2179 eir
595 2116 714 2195 donam
737 2117 839 2180 utilem
861 2133 943 2181 certe
966 2135 1032 2179 eam
1056 2140 1126 2180 esse

188 2202 392 2265 confitendum
414 2216 469 2265 est.
515 2202 558 2265 Et
574 2200 678 2265 hercle
694 2204 766 2266 deus
781 2200 831 2265 ille
846 2202 998 2286 princeps,
1014 2223 1126 2286 parcus

189 2308 299 2366 rerum,
316 2286 535 2371 fabricatorque
558 2288 672 2366 mundi,
690 2288 769 2351 nullo
790 2287 884 2370 magis
904 2287 1057 2349 hominem
1076 2310 1125 2350 se·
1215 2297 1216 2302 ’

188 2374 303 2457 paravit
318 2394 334 2436 a
349 2374 470 2451 ceteris,
487 2394 563 2457 quae
579 2375 698 2457 quidem
715 2372 849 2435 mortalia
864 2386 975 2447 essent,
992 2372 1125 2434 animali·

189 2458 256 2533 bus,
280 2475 369 2538 quam
398 2458 517 2519 dicendi
546 2457 696 2518 facultate.
743 2456 823 2518 Nam
853 2476 980 2536 corpora
1002 2457 1159 2537 quidemss

189 2538 398 2621 magnitudine,
431 2540 552 2614 viribus,
590 2540 740 2615 firmitate,
779 2539 930 2620 patientia,
962 2540 1126 2603 velocitate
1215 2589 1216 2612 ,

189 2622 400 2708 praestantiora
430 2622 459 2684 iu
489 2622 545 2684 illis
576 2624 663 2685 mutis
692 2622 850 2685 videmus:
890 2624 997 2685 eadem
1027 2626 1125 2689 minus
1215 2619 1216 2694 ἶ

189 2722 278 2790 egere
307 2707 469 2790 acquisitae
497 2707 685 2771 extrinsecus
715 2707 792 2791 opis.
839 2703 918 2769 Nam
949 2723 980 2771 et
1010 2710 1126 2791 ingredi

189 2792 288 2867 citius,
306 2807 336 2854 et
357 2792 454 2873 pasci,
469 2806 501 2855 et
519 2805 634 2854 tranare
657 2813 757 2876 aquas,
783 2794 858 2857 citra
876 2793 1047 2871 docentem,
1071 2814 1126 2856 na-

188 2890 251 2939 tura
265 2877 331 2959 ipsa
347 2876 453 2939 sciunt.
493 2876 536 2939 Et
550 2878 691 2962 pleraque
707 2891 811 2941 contra
825 2876 914 2961 frigus
930 2900 970 2941 ex
985 2901 1039 2941 suo
1055 2894 1160 2940 cor-at

188 2972 263 3047 pore
285 2962 459 3039 vestiuntur,
485 2977 514 3026 et
544 2982 626 3025 arma
647 2962 683 3025 iis
706 2962 832 3046 ingenita
848 2964 1005 3047 quaedam,
1030 2976 1060 3024 et
1081 2983 1143 3026 ex·

189 3047 278 3111 obvio
293 3046 355 3111 fere
371 3047 489 3111 victus:
513 3047 594 3112 eirca
609 3068 685 3132 quae
708 3049 806 3111 omnia
828 3050 935 3112 multus
955 3046 1125 3111 hominibus

188 3134 272 3196 labor
294 3149 350 3198 est.
398 3132 560 3198 Rationem
587 3134 673 3218 igitur
698 3133 783 3197 nobis
812 3134 1002 3218 praecipuam
1027 3129 1123 3211 dedit,

189 3217 312 3299 ejusque
334 3232 389 3280 uos
412 3221 512 3282 socios
535 3240 603 3283 esse
624 3240 694 3282 cum
714 3219 768 3283 diis
790 3218 1001 3281 immortalibus
1016 3216 1120 3279 voluit.

191 3300 256 3364 Sed
279 3300 343 3383 ipsa
358 3302 432 3363 ratio
448 3323 545 3385 neque
561 3318 620 3365 tam
635 3326 689 3367 nos
708 3304 837 3388 juvaret,
854 3322 951 3383 neque
965 3315 1025 3363 tam
1042 3316 1157 3365 essetas

189 3386 219 3449 in
240 3385 326 3447 uobis
349 3384 515 3463 manifesta,
538 3386 606 3464 nisi,
631 3410 706 3471 quae
735 3387 978 3469 concepissemus
1009 3401 1121 3463 mente,

189 3488 327 3557 promere
343 3470 431 3533 etiarn
447 3472 596 3555 loquendo
612 3494 767 3555 possemus
782 3493 790 3532 t
813 3470 893 3554 quod
907 3471 999 3552 magis
1015 3473 1123 3535 deesse

190 3558 298 3622 ceteris
321 3555 505 3635 animalibus,
530 3578 618 3640 quam
646 3557 830 3621 intellectum
860 3570 891 3617 et
912 3556 1123 3637 cogitationem
