2459 4200
191 273 234 334 62
479 283 516 326 st.
536 281 632 326 aaran
651 279 872 334 cuturrtrartr

189 438 276 514 ictur,
299 455 356 498 nec
379 433 415 497 ad
435 433 602 511 victoriam,
620 432 675 496 sed
695 433 734 496 ad
752 433 848 496 solum
867 433 957 496 linem
977 433 1073 497 laudis
1095 449 1126 498 et

187 515 298 606 gloriae
307 519 419 582 tendat.
459 519 576 596 Quare,
587 518 729 602 quioquid
741 518 797 580 erit
807 519 959 581 sententiis
971 520 1125 602 populare,

187 604 287 668 verbis
302 604 438 681 nitidum,
455 603 554 687 liguris
576 602 748 679 'ucundum,
764 602 1000 665 translationibus
1015 605 1127 686 magni·

186 688 289 768 ficum,
312 689 530 773 compositione
553 625 746 763 elaboratum,
768 686 850 748 velut
871 687 987 750 institor
1007 688 1127 771 quidam

188 775 387 860 eloquentiae,
419 772 603 850 intuendum,
630 785 661 833 et
681 791 778 854 paene
804 774 1045 854 pertractandum
1074 774 1156 836 dtr-s

187 859 240 922 bit.
287 859 366 922 Nam
381 871 505 921 eventus
521 858 559 920 ad
575 856 683 939 ipsum,
702 877 762 917 uon
780 856 819 917 ad
838 875 972 933 causam,
988 855 1124 920 refertur.

188 941 245 1020 At,
262 944 311 1007 ubi
326 965 409 1007 resa
430 943 497 1019 itur,
514 954 544 1004 et
559 962 631 1004 vera
645 939 798 1002 dimicatio
819 953 876 1017 est,
893 940 1011 1002 ultimus
1031 942 1069 1005 sit
1083 942 1128 1006 l'a-

186 1047 253 1090 mae
268 1029 363 1092 locus.
410 963 574 1090 l'raeterea
595 1047 655 1087 non
670 1025 761 1088 debet
775 1024 943 1107 quisquam,
960 1025 1011 1086 ubi
1031 1026 1129 1089 maxi·

186 1131 234 1174 ma
248 1134 346 1176 rerum
369 1126 521 1176 momenta
535 1123 701 1186 versantur,
718 1109 756 1171 de
771 1109 871 1171 verbis
885 1130 954 1172 esse
969 1109 1127 1175 sollicitus.

186 1195 293 1280 Neque
308 1198 368 1261 hoc
389 1219 427 1260 eo
450 1196 589 1279 pertinet,
606 1195 682 1258 utin
696 1195 742 1256 his
756 1193 852 1256 nullus
870 1193 908 1256 sit
922 1207 1056 1272 ontams,
1072 1198 1158 1260 sedat

185 1281 227 1344 uti
251 1284 383 1366 pressior
404 1295 434 1344 et
456 1281 600 1357 severior,
618 1301 657 1342 eo
671 1279 767 1342 minus
782 1277 951 1357 consessus,
969 1280 1129 1364 praecipue

185 1366 223 1428 ad
248 1368 401 1431 materiem
430 1366 688 1430 accommodatus.
734 1362 814 1425 Nam
836 1377 868 1426 et
889 1365 1042 1426 suadendo
1057 1367 1127 1429 suh-

177 1449 283 1514 ,limius
307 1451 416 1534 aliquid
449 1465 580 1525 senatus,
606 1449 783 1511 concitatius
812 1449 953 1530 populus,
976 1461 1008 1512 e't
1029 1450 1058 1512 in
1076 1450 1127 1535 ju·

186 1531 272 1594 diciis
295 1534 433 1630 publicae
453 1533 656 1616 capitalesque
678 1553 787 1594 causae
810 1546 938 1614 poscunt
959 1535 1129 1607 accuratius

185 1614 305 1681 dicendi
320 1637 423 1700 genus.
472 1616 517 1678 At
531 1616 677 1699 privatum
692 1615 859 1692 consilium,
873 1638 1039 1702 causasque
1053 1638 1159 1704 pau-ss

185 1719 301 1778 corum,
319 1714 351 1764 ut
364 1699 533 1784 frequenter
548 1700 672 1777 accidit,
690 1699 883 1775 calculorum,
901 1723 992 1784 purus
1014 1725 1128 1784 sermo,

185 1798 215 1847 et
231 1785 379 1850 dissimilis
395 1807 485 1848 curae
501 1785 593 1867 magis
610 1785 753 1848 decuerit.
791 1784 843 1846 Au
859 1807 918 1846 nou
933 1788 1044 1870 pudeat
1060 1811 1129 1853 cer·

184 1881 246 1932 tem
272 1872 417 1934 creditam
442 1870 573 1954 periodis
595 1869 773 1952 postulare?
796 1884 846 1932 aut
871 1871 953 1934 circa
978 1872 1129 1938 sttlhctdra

184 1953 264 2014 affici
280 1955 293 2013 ?
315 1969 366 2017 aut
381 1955 410 2015 in
425 1955 564 2036 mancipii
579 1955 775 2016 redhibitione
790 1955 924 2016 sudare?
1218 2012 1219 2035 ,

231 2035 296 2101 Sed
312 2039 348 2101 ed
368 2038 564 2122 propositum.
611 2036 664 2115 Et,
682 2038 822 2121 quoniam
844 2039 984 2102 orationis
1000 2054 1061 2105 tam
1077 2065 1159 2108 or·at
1218 2048 1219 2083 ³

183 2135 280 2199 natus,
297 2144 386 2206 quam
410 2123 615 2206 perspicuitas,
634 2137 684 2185 aut
704 2123 733 2184 in
751 2122 869 2205 siugulis
884 2124 984 2187 verbis
999 2140 1057 2205 est,
1075 2145 1129 2193 aut
1217 2167 1218 2174 κ

183 2206 213 2270 in
236 2208 366 2291 pluribus
389 2209 525 2293 positus:
549 2208 619 2292 quid
636 2222 783 2292 separata,
800 2209 869 2292 quid
886 2208 1046 2294 conjuncta
1061 2215 1129 2277 exi·

183 2306 264 2376 gant,
296 2294 529 2359 consideremus.
578 2293 759 2377 Quanquam
788 2293 956 2357 rectissime
985 2298 1127 2362 traditum

184 2392 241 2458 est,
263 2379 507 2465 perspicuitatem
531 2380 671 2464 propriis,
693 2394 828 2443 ornatum
852 2380 1001 2444 translatis
1025 2384 1127 2447 verbis

183 2465 277 2545 magis
301 2486 411 2546 egere:
446 2466 574 2526 sciamus
599 2465 765 2526 inornatum
789 2485 869 2540 esse,
897 2468 978 2547 quod
1004 2467 1042 2529 sit
1068 2468 1160 2531 imas
1216 2497 1217 2540 3

182 2547 346 2629 proprium.
397 2546 474 2622 Sed,
502 2566 572 2607 cum
604 2546 684 2607 idem
708 2546 944 2629 frequentissime
962 2551 1045 2633 plura
1066 2554 1126 2637 sig·

182 2629 316 2705 nifioeut,
332 2629 425 2711 quod‘
444 2641 602 2702 συνωνυμία
632 2643 768 2706 vocatur,
792 2624 857 2713 jam
883 2648 949 2695 suut
973 2637 1037 2700 aliis
1068 2639 1128 2702 alia

181 2712 365 2789 honestiora,
391 2712 572 2790 sublimiora,
591 2713 739 2791 nitidiora,
753 2714 943 2797 jucundiora,
960 2722 1143 2787 vocaliora.·
1215 2747 1216 2788 ὲ

183 2794 274 2873 Nam,
291 2809 323 2858 ut
345 2796 475 2879 syllabae
499 2818 516 2859 e
538 2796 629 2859 literis
654 2799 759 2861 melius
785 2802 958 2866 sonantibus
982 2806 1127 2871 clariores
1215 2793 1216 2798 ἵ

183 2892 261 2958 sunt,
278 2880 317 2943 ita
342 2881 432 2943 verba
454 2902 472 2944 e
495 2881 616 2964 syllabis
638 2882 732 2963 magis
752 2883 894 2946 vocalia:
917 2900 959 2962 et,
976 2909 1036 2970 quo
1057 2891 1160 2972 plasta

183 2965 323 3049 quodque
338 2965 455 3051 spirims
471 2967 571 3043 habet,
589 2966 690 3028 audim
705 2967 865 3049 pulchrius.
913 2967 967 3048 Et,
984 2974 1064 3055 quod
1080 2975 1128 3039 sa·
1173 3002 1179 3021 r
1214 2989 1215 2994 ’

183 3052 224 3116 cit
240 3052 430 3135 syllabarum,
446 3052 527 3115 idem
541 3052 700 3115 verborum
715 3072 834 3135 quoque
854 3053 931 3118 inter
948 3077 982 3119 se
1001 3060 1127 3142 copula-

182 3137 235 3212 tio,
253 3152 285 3201 ut
300 3137 379 3203 aliud
393 3137 442 3201 alii
453 3137 591 3223 junctum
605 3137 710 3201 melius
724 3152 823 3201 sonet.

226 3220 377 3285 Diversus
398 3236 496 3285 tamen
518 3246 598 3287 usus.
647 3221 726 3286 Nam
748 3223 837 3288 rebus
859 3226 1010 3291 atrocibus
1031 3230 1126 3294 verba
1213 3247 1214 3268 ¹

184 3302 274 3366 etiam
296 3304 363 3387 ipso
386 3306 486 3368 auditu
509 3328 615 3390 aspera
638 3310 732 3391 magis
755 3312 944 3375 convenient.
1000 3311 1038 3377 Iu
1059 3315 1158 3381 uni-ss

182 3408 303 3451 versum
319 3388 440 3470 quidem
454 3391 566 3474 optima
587 3392 768 3476 simplicium
788 3397 959 3475 creduntur,
976 3419 1053 3482 quae
1073 3416 1126 3464 ant

183 3470 313 3537 maxime
325 3472 504 3552 exclamant,
516 3490 565 3538 aut
577 3498 652 3540 sono
668 3492 734 3542 sunt
745 3477 969 3561 jucundissima.
1010 3482 1053 3547 Et
1066 3485 1123 3548 ho·

182 3572 268 3624 uesta
282 3556 404 3645 quidem
418 3560 551 3645 turpibus
573 3563 690 3647 potiora
705 3583 837 3647 semper,
853 3586 911 3629 nec
926 3568 1053 3634 sordidis
1068 3592 1123 3635 un-
