2459 4200
332 289 486 336 sacrorn
504 289 655 344 ouum
672 291 810 336 enutri.
1017 275 1062 338 ’θ

111 453 244 514 secutos,
263 441 487 526 praecipueque
512 441 759 527 Theopompum
807 440 853 506 At
872 441 1060 509 Demosthe·

110 547 164 588 nes
188 540 218 589 et
241 525 361 588 Cicero
387 527 506 590 modice
528 542 724 612 respexerunt
754 527 792 590 ed
822 529 899 592 hauc
928 543 1056 614 partem.

110 610 190 674 Nam
206 625 237 674 et
253 615 401 674 co'e'untes
416 611 530 691 literae,
542 635 620 697 quae
632 621 797 691 συναλοιφαι
809 613 958 690 dicuutur,
969 616 1060 680 etiam

110 696 257 759 leniorem
280 695 393 758 iaciunt
414 697 590 775 orationem,
608 719 697 782 quam
720 700 744 763 si
767 697 866 762 omnia
887 699 980 762 verba
1003 721 1060 764 suo

3 787 6 806 ⁵
89 781 173 862 estne
191 781 367 855 eludantur3
391 795 420 844 et
434 803 644 866 nonnunquam
660 785 757 848 hiulca
773 784 863 848 etiem
878 785 1000 862 decent,
1017 783 1060 847 le·

114 866 256 949 oiuntque
271 866 414 950 ampliore
432 869 577 951 quaedam
593 891 600 930 :
624 884 668 948 ut,
687 871 826 933 Pulcbro
841 869 976 932 oratione
992 863 1071 932 ucto‘

113 951 236 1012 omnino
252 951 384 1036 jactare.
435 952 516 1015 Tum
533 953 639 1037 longae
662 977 716 1040 per
736 978 781 1033 se,
799 969 830 1018 et
845 956 926 1018 velut
941 956 1061 1040 opimae

113 1037 247 1120 syllabae
279 1037 387 1121 aliquid
415 1037 504 1100 etiem
531 1041 622 1102 medii
652 1041 796 1124 temporis
825 1041 902 1105 iuter
923 1041 1058 1120 vocales,

113 1122 199 1205 quasi
226 1122 435 1200 intersistetur,
458 1141 620 1189 assumunt.
669 1126 741 1197 Qua
763 1126 802 1189 de
824 1147 857 1189 re
880 1142 944 1190 utar
966 1125 1061 1190 Cice·

79 1233 106 1272 ro
116 1207 196 1270 runis
213 1207 397 1290 potissimum
413 1209 525 1286 verbis,
541 1210 653 1287 Habet,
667 1211 772 1294 inquit,
785 1212 839 1272 ille
853 1221 998 1292 tunquam
1012 1211 1061 1272 bi·

3 1293 4 1328 l
116 1301 186 1353 atus
201 1303 227 1354 ct
242 1313 404 1355 concursus
422 1296 575 1356 vocalium
595 1297 684 1357 molle
701 1296 860 1378 quiddam,
878 1304 905 1354 et
919 1295 999 1377 quod
1012 1295 1062 1356 in·

115 1377 196 1440 dicct
209 1399 269 1440 non
284 1379 440 1460 ingratum
459 1380 682 1462 negligentium
697 1379 733 1440 de
748 1400 780 1442 re
796 1378 928 1442 bominis
948 1380 1059 1463 mugit,

115 1484 207 1546 quom
222 1464 258 1526 de
273 1464 383 1542 uerbis,
401 1464 578 1527 laborantis.

3 1625 4 1642 χ
157 1547 304 1612 Ceterum
328 1565 528 1613 consonantes
551 1572 683 1636 quoque,
700 1574 861 1636 earumque
884 1552 1066 1636 praecipue,·

3 1669 4 1684 κ
53 1645 57 1656 ’
80 1664 108 1702 15
115 1654 191 1717 quae
207 1647 275 1697 sunt
290 1635 470 1718 asperiores,
488 1635 517 1697 iu
532 1638 728 1701 commissura
741 1639 902 1702 verborum
917 1638 1060 1715 rixantur,

115 1734 146 1782 et
166 1721 190 1782 S
207 1719 311 1782 ultime
331 1741 400 1782 cum
424 1721 455 1782 X
475 1722 623 1804 proxime,
640 1744 764 1806 quarum
786 1723 895 1785 tristior
917 1723 1019 1797 etiam,
1036 1722 1062 1784 si

115 1806 202 1868 binae
216 1806 405 1883 collidentur,
417 1806 525 1868 stridor
541 1822 587 1869 est
601 1829 609 1866 τ
633 1823 676 1884 ut,
689 1807 752 1868 dre
766 1807 945 1867 studiorum.
972 1803 1063 1874 Quae
1164 1819 1174 1832 ‘

115 1889 173 1952 fuit
196 1911 286 1952 causa
307 1905 338 1954 et
363 1890 474 1955 Servio
494 1891 540 1973 (ut
562 1892 638 1973 dixi)
659 1891 876 1954 subtrahendae
901 1889 1061 1967 stinctae,

117 1975 237 2058 quoties
260 1976 359 2038 ultima
382 1992 475 2054 esset,
493 1977 608 2060 aliaque
632 1991 816 2041 consonante
839 1976 1061 2061 susciperetur:

81 2061 199 2146 eoquod
222 2062 413 2147 reprehendit
436 2061 613 2141 Lauranius,
632 2063 778 2129 Messalla
792 2061 934 2127 defendit.
982 2060 1063 2127 Nam

116 2169 214 2233 neque
231 2146 383 2221 Lucilium
399 2164 501 2233 putant
516 2151 556 2213 uti
572 2152 679 2213 eadem
695 2151 808 2226 ultima,
820 2171 888 2212 oum
905 2149 990 2223 dicit,
1009 2149 1062 2208 Sc·

117 2254 208 2295 renus
216 2232 296 2315 suit,
314 2248 345 2297 et
360 2236 473 2318 dignus
490 2238 623 2317 locoque,
635 2250 665 2297 et
680 2235 794 2297 Cicero
809 2234 839 2294 in
854 2232 983 2294 Oratore
999 2230 1064 2313 plu-

118 2340 166 2382 res
181 2320 369 2403 autiquorum
385 2319 472 2384 tradit
487 2320 531 2383 sic
547 2320 676 2381 locutos.
717 2318 794 2378 lude
808 2317 1002 2395 belligerare,
1009 2316 1063 2396 po’

118 2406 275 2467 meridiem
291 2427 300 2464 .·
325 2420 355 2467 et
378 2406 425 2468 ille
443 2403 584 2468 Censorii
600 2401 739 2479 Catonis,
757 2401 837 2461 Dice
859 2400 951 2475 bunc,
968 2419 1064 2481 aeque

83 2490 165 2553 ssM
174 2491 261 2553 litera
276 2490 305 2552 in
322 2489 354 2551 Id
369 2490 492 2553 mollita.
540 2489 630 2560 Quae
645 2488 674 2550 iu
686 2486 835 2551 veteribus
851 2484 931 2548 libris
946 2498 1065 2568 reperta

119 2592 234 2639 mutare
262 2576 398 2659 imperiti·
418 2576 539 2638 solent:
564 2589 605 2651 et,
624 2575 695 2637 dum
718 2572 901 2636 librariorum
925 2570 1065 2635 insectari

118 2662 222 2725 volunt
237 2662 435 2738 inscientiam,
454 2682 537 2723 suam
553 2660 740 2722 confitentur.
782 2658 877 2742 Atqui
893 2658 1000 2721 eadem
1015 2657 1065 2721 illa

119 2746 217 2823 litere,
235 2748 352 2830 quoties
368 2747 470 2810 ultime
492 2760 537 2809 est
553 2756 582 2807 et
597 2746 735 2808 vocalem
751 2744 835 2807 verbi
856 2736 1008 2828 sequentis
1024 2744 1065 2807 ita

120 2833 277 2916 contingit,
295 2848 327 2897 ut
354 2833 383 2895 in
406 2854 472 2897 earn
495 2832 620 2894 transire
646 2831 752 2915 possit,
770 2830 886 2893 etiarnsi
912 2829 1064 2905 scribitur,

4 2976 5 2985 ,
84 2931 220 2981 notamen
243 2940 348 3002 parum
371 2916 567 3001 exprimitur:
590 2931 634 2995 ut,
650 2918 792 2979 Multum
806 2917 872 2992 illc,
891 2930 932 2991 et,
956 2915 1065 2989 Quon-

4 3014 5 3021 ’
121 3012 182 3065 tum
199 3013 286 3065 crat:
310 3004 387 3065 adeo
403 3019 434 3065 ut
450 3024 545 3087 paene
558 3001 713 3084 cujusdam
728 3021 826 3061 novae
840 3000 944 3059 literne
959 3017 1066 3057 sonum

120 3089 239 3150 reddat.
286 3087 393 3171 Neque
409 3088 488 3150 enim
508 3086 658 3161 eximitur,
676 3083 731 3144 sed
752 3083 939 3153 obscuratur,
957 3090 990 3175 et
1002 3093 1065 3138 ten·

120 3186 187 3235 tum
208 3172 303 3254 alique
323 3174 398 3235 inter
419 3174 492 3237 duas
515 3170 638 3233 vocales
660 3167 741 3229 velut
762 3177 833 3225 nota
854 3175 1066 3248 est,ne1psae

122 3260 249 3319 coeant.
506 3314 509 3319 ,
790 3281 793 3290 ¹

86 3360 114 3401 cs
166 3336 341 3405 Videndum
368 3344 469 3419 etiam,
485 3364 524 3404 ne
551 3342 683 3425 syllabae
710 3336 793 3400 verbi
818 3336 924 3421 prioris
947 3338 1067 3402 ultimae

124 3428 180 3491 sint
206 3429 320 3511 primae
348 3428 509 3512 sequentis.
551 3425 588 3489 Id
612 3448 650 3487 ue
677 3424 743 3508 quis
769 3423 903 3508 praecipi
933 3424 1066 3497 miretur,

20 3504 29 3521 ⁸
123 3512 266 3575 Ciceroni
294 3513 323 3575 in
347 3513 481 3599 epistolis
507 3510 632 3586 excidit,
659 3512 720 3572 Res
745 3510 821 3572 milti
849 3511 966 3572 incisus
986 3508 1066 3566 ciret

124 3608 205 3675 cunt,
224 3600 334 3661 Brute.
383 3598 426 3662 Et
438 3598 470 3661 in
485 3595 630 3669 carmine,
