2459 4200
183 255 248 316 toa
472 271 511 317 ar.
531 271 628 318 earu
646 271 870 326 corosanum

221 423 371 488 Pericdos
387 437 457 508 apta
472 423 635 509 prooemiis
650 413 798 509 majorum
812 443 980 499 causarum,
995 420 1045 484 ubi
1058 419 1117 485 sol·

178 509 340 584 licitudine,
358 509 633 587 commendatione,
650 509 839 573 miseratione
854 531 903 572 res
917 522 995 590 eget.
1040 504 1118 568 Item

178 595 386 658 communibus
406 594 493 671 locis,
511 609 542 658 et
557 595 586 658 iu
601 595 682 657 omui
696 595 929 678 amplificatione
944 615 952 654 z
975 592 1029 656 sed
1048 611 1117 674 pos·

177 680 254 743 citur
265 694 328 742 tum
339 693 468 757 numera,
480 681 505 742 si
516 701 643 743 accuses
660 700 668 756 ;
691 678 842 755 miniosa,
854 679 1005 742 silaudes.
1038 674 1118 738 Mul·
1209 712 1210 765 3

178 779 242 828 mm
260 778 290 829 ot
310 765 340 828 in
360 765 485 849 epilogis
505 765 607 849 pollet.
658 764 773 828 Totum
788 779 889 828 autem
903 764 964 827 boc
979 761 1139 826 adhibeo-s
1209 810 1210 833 ,

178 851 250 914 dum
265 865 322 928 est,
334 852 415 936 quod
425 851 463 914 sit
473 851 598 934 amplius
614 849 840 934 compositionis
860 871 967 932 genos,
984 868 1056 911 com
1072 844 1119 931 jo·
1209 850 1210 861 ²

179 937 238 999 dex
254 957 313 998 noo
330 937 425 998 solum
440 957 504 998 rem
519 949 611 1011 tenet,
624 936 678 999 sed
693 935 783 998 etiam
798 950 904 1017 captus
916 947 962 996 est
974 932 1119 1007 oratione,
1209 946 1210 1023 p

177 1033 256 1084 etse
272 1021 369 1084 credit
383 1021 490 1098 actori,
508 1036 539 1084 et
555 1021 706 1103 voluptate
717 1020 782 1104 jam
797 1019 924 1082 ducitur.
1209 1086 1210 1097 χ

222 1103 361 1169 Historia
375 1127 435 1168 non
450 1120 510 1169 tam
525 1106 625 1170 finitos
639 1126 790 1181 numeros,
803 1125 893 1187 quaro
908 1103 1014 1166 orbern
1028 1121 1120 1185 quen·

179 1191 248 1253 dem
277 1205 511 1275 contextumque
540 1191 701 1254 desiderat.
759 1188 896 1272 Namque
926 1187 1028 1250 omnia
1058 1185 1150 1270 ejuso
1209 1196 1210 1259 i

179 1277 312 1340 membra
335 1298 473 1340 connexa
498 1290 576 1353 sont,
594 1275 735 1360 quoniam
760 1274 874 1337 lubrica
896 1289 954 1351 est,
972 1294 1008 1334 ac
1036 1271 1119 1334 fluit:
1209 1304 1211 1361 p

178 1375 210 1424 ut
233 1361 380 1436 homines,
397 1363 448 1445 qui
471 1361 606 1425 manibus
631 1360 761 1423 invicem
784 1359 978 1442 apprehensis
1000 1358 1121 1441 gradum
1209 1366 1210 1429 l

177 1445 304 1522 firmant,
323 1447 476 1509 continent
490 1461 521 1508 et
536 1446 731 1509 continentur.
778 1445 1058 1507 Demomtrotivum
1072 1463 1120 1524 ge·
1209 1496 1211 1547 p

177 1549 231 1590 nus
247 1551 336 1592 omne
353 1530 477 1594 fusiores
493 1531 583 1592 habet
598 1530 811 1612 liberioresque
832 1551 985 1593 numeros.
1033 1527 1121 1594 Juds'·
1209 1550 1210 1579 i

178 1613 255 1675 ciale
271 1627 301 1676 et
316 1615 503 1692 ocociensis,
515 1628 547 1677 ut
561 1615 685 1678 materia
696 1615 809 1677 varium
823 1628 881 1691 est,
894 1615 940 1678 sic
956 1615 1046 1679 etiem
1060 1613 1150 1698 ipsuis

178 1698 378 1762 collocatione
393 1700 564 1762 verborum.
1090 1702 1102 1711 ”

222 1783 286 1848 Ubi
307 1785 371 1871 jam
389 1786 475 1849 nobis
491 1807 560 1870 pars
576 1806 616 1848 ex
631 1785 758 1862 duabus,
774 1807 848 1868 quas
870 1787 965 1850 modo
985 1784 1119 1861 lecimus,

177 1872 310 1934 secunda
332 1872 485 1935 tractanda
508 1885 563 1934 est.
610 1870 690 1934 Nam
712 1870 777 1954 quis
801 1871 917 1936 dubitat
938 1873 996 1935 alia
1017 1871 1119 1945 lenius,

177 1953 233 2016 elia
256 1956 444 2032 concitatius,
461 1957 518 2018 alia
540 1956 705 2032 sublimius,
723 1956 780 2018 alia
801 1958 981 2039 pugnacius,
1000 1957 1056 2020 alia
1077 1977 1121 2017 or·
1209 2006 1210 2035 ,

176 2039 283 2118 nntius,
301 2039 357 2102 alia
373 2041 510 2123 gracilius
526 2061 593 2103 esse
610 2041 767 2104 dicenda?
811 2040 983 2121 Gravibus,
996 2039 1152 2107 sublimi-u

176 2124 244 2204 bus,
261 2125 372 2189 ornatis
395 2125 496 2215 longas
520 2126 611 2209 magis
635 2126 765 2210 syllabas
787 2128 986 2193 convenire?
1031 2127 1080 2191 Ita
1096 2140 1126 2190 nt

176 2209 254 2275 lenia
270 2212 409 2295 spatium,
427 2212 563 2276 sublimia
584 2226 614 2275 et
632 2226 736 2275 ornata
751 2212 920 2276 claritatem
937 2235 1058 2298 quoque
1073 2233 1123 2275 vu·

176 2297 286 2361 callum
302 2312 430 2382 poscant
445 2318 454 2375 ;
477 2298 522 2361 his
538 2298 684 2361 contraria
699 2298 792 2381 magis
806 2298 941 2381 gaudere
963 2300 1122 2363 brevibus:
1209 2307 1211 2328 '

176 2398 362 2467 argumenta,
382 2384 568 2467 partitiones,
584 2384 688 2468 jocos,
706 2399 737 2447 et
758 2384 898 2468 quicquid
924 2400 972 2449 est
994 2383 1122 2449 sermoni

175 2470 270 2551 magis
286 2469 392 2532 simile.
1127 2490 1151 2531 ss

219 2552 325 2635 Itaque
349 2572 565 2633 componemus
588 2553 775 2634 prooemium
790 2554 884 2631 varie,
900 2569 994 2640 atque
1010 2571 1043 2622 ut
1057 2577 1122 2620 sen·

98 2704 99 2707 Ἴ
175 2656 224 2697 sus
241 2636 306 2718 ejus
322 2636 493 2717 postulabit.
534 2634 643 2717 Neque
658 2636 736 2698 enim
753 2639 934 2701 accesserim
950 2641 1063 2719 Celso,
1073 2640 1122 2724 qui

175 2739 261 2781 onem
284 2720 430 2801 quandam
453 2720 520 2781 huic
546 2720 622 2803 parti
644 2718 770 2783 formam
793 2723 897 2785 dedit:
922 2739 954 2787 et
976 2728 1124 2809 optimam

174 2803 425 2886 compositionem
447 2826 514 2867 esse
533 2805 690 2887 prooemii,
708 2820 740 2867 ot
763 2808 841 2889 apud
859 2808 1016 2886 Asinium,
1035 2811 1121 2888 dixit,
1208 2851 1211 2873 t

177 2887 226 2967 Si,
248 2888 374 2967 Cacsar,
392 2910 427 2950 ss
452 2890 592 2950 omnibus
618 2890 807 2966 mortalibus,
825 2892 879 2973 qui
900 2901 972 2952 sont
995 2914 1033 2955 uc
1049 2895 1152 2975 suc-o

172 2971 256 3053 root,
270 2984 369 3077 posset
383 2976 454 3038 buia
471 2994 578 3037 cumae
593 2974 775 3057 disceptator
790 2977 864 3059 legi,
880 2996 942 3039 ooo
958 2978 1124 3063 quisquam

172 3070 198 3124 tc
219 3072 319 3145 potrus
341 3062 490 3145 optandos
511 3060 597 3124 cobis
613 3058 690 3141 soit.
738 3060 898 3144 Nonquia
923 3083 1036 3145 negem
1063 3066 1122 3131 hoc

172 3148 250 3211 bene
267 3170 334 3212 esse
349 3148 564 3232 compositum,
581 3147 636 3209 sed
652 3146 721 3230 quia
739 3147 837 3230 legem
854 3148 932 3210 banc
947 3169 1021 3213 esse
1036 3174 1121 3216 com·

172 3234 302 3311 ponendi
324 3234 353 3293 in
375 3235 511 3297 omnibus
534 3232 687 3317 principiis
709 3254 858 3297 recusem.
904 3231 987 3297 Nam
1006 3235 1121 3320 judicis

172 3314 285 3403 animos
306 3316 386 3377 varie
409 3332 626 3399 praeparator:
649 3332 712 3380 tum
734 3318 917 3381 miserabiles
940 3342 1013 3383 esse
1036 3322 1152 3385 volu-³⁶
1209 3389 1210 3394 ,

171 3418 250 3476 mus,
267 3412 330 3460 tum
353 3400 491 3475 modesti,
510 3415 571 3463 tum
594 3422 691 3479 acres,
709 3418 772 3466 tum
788 3424 906 3485 graves,
922 3418 986 3467 tom
1003 3407 1118 3484 blandi,
1209 3414 1211 3426 '

171 3498 234 3549 tum
250 3482 385 3561 flectere,
399 3497 462 3546 tum
477 3485 515 3547 ad
531 3486 711 3569 diligentiam
725 3487 846 3549 hortari.
894 3487 987 3552 Haec
1002 3506 1037 3554 ot
1052 3505 1120 3555 sunt

173 3571 290 3635 diversa
313 3582 426 3647 natura,
443 3569 482 3633 ita
505 3570 902 3655 dissimilemscomponeudi
924 3595 1049 3660 quoque
1071 3599 1117 3641 ra·
