2459 4200
152 286 218 351 att
444 300 482 345 rr.
501 300 596 344 narrt
614 297 841 351 susurramus

153 468 199 519 tas
214 451 398 535 cognoverit,
416 450 605 535 singularem,
623 448 850 535 perlectumque
866 447 1007 533 undique,
1018 450 1104 534 opti·-

153 560 201 603 ma
216 536 406 614 sentientem,
422 536 593 621 optimeque
611 535 779 599 dicentem.x
1080 592 1083 595 s

196 622 234 685 In
250 623 309 687 ltoc
324 637 416 707 quota
430 644 498 707 pars
514 622 581 700 erit,
598 622 680 705 qued
698 636 747 684 aut
764 620 939 683 innocentes
953 620 1098 699 tuebitur,

153 722 204 773 aut
225 708 429 793 improborum
452 707 568 771 scelera
589 720 777 790 compescet,
794 720 843 767 aut
865 706 895 767 in
918 705 1100 788 pecuniariis

153 792 375 879 quaestionibus
390 792 507 856 veritati
523 807 626 856 contra
641 791 818 855 calumniam
836 790 931 853 aderit
947 790 959 850 ἓ
1006 790 1126 855 Sum-s

136 902 220 945 ‚mm
236 879 285 943 ille
321 878 465 942 uidemiu
486 878 531 941 his
547 898 666 960 quoque
681 876 821 960 operibus
841 874 940 953 suerit,
958 877 1013 938 sed
1035 898 1100 939 ma·

150 964 267 1051 juribus
288 901 396 1027 cintius
419 962 561 1040 elucebit,
579 984 648 1025 cum
670 960 801 1045 regenda
822 975 943 1023 senatus
959 960 1096 1038 consilia,

155 1065 185 1113 et
200 1049 351 1197 popularis
367 1071 450 1112 error
465 1049 503 1111 ad
519 1046 642 1111 meliora
657 1046 822 1109 ducendus.
864 1045 917 1107 Ari
931 1067 989 1107 non
1004 1044 1099 1107 talem

154 1156 232 1219 quen
255 1156 303 1197 am
327 1134 442 1198 videtur
465 1132 585 1197 finxisse
606 1132 761 1215 Virgilius,
778 1151 869 1214 quem
893 1130 925 1192 in
950 1130 1100 1193 sedidem

155 1220 246 1303 vulgi,
259 1218 321 1305 jam
337 1216 419 1283 iaces
436 1232 467 1283 et
481 1240 553 1282 saxa
564 1216 734 1303 jaculantis,
750 1216 972 1279 moderatorem
987 1215 1070 1279 dedit
1085 1214 1140 1277 ire

254 1340 331 1397 Turn,
344 1339 434 1404 pietate
446 1354 545 1405 gravem
558 1353 587 1388 ae
599 1337 691 1386 merim
701 1337 723 1385 ei
733 1336 796 1385 t'orte
807 1336 887 1384 virum
900 1352 975 1399 quem

256 1406 425 1471 Conspexere,
438 1406 519 1463 silent,
532 1405 681 1469 affectisque
692 1404 792 1453 auribus
802 1411 889 1451 astant

156 1506 314 1571 Habemus
338 1508 425 1590 igitur
445 1522 512 1570 ante
534 1508 633 1569 omnia
654 1506 753 1568 viram
774 1506 907 1581 beaum3
931 1505 1098 1589 posthaec

155 1590 266 1675 adjecit
281 1592 404 1653 dicendi
416 1592 548 1673 peritum
564 1613 574 1650 .·

255 1708 301 1761 lile
313 1711 374 1777 regit
385 1712 455 1762 dictis
467 1712 570 1770 animos,
584 1719 608 1761 et
620 1720 719 1777 pectora
730 1712 829 1762 mulcet.
1110 1686 1137 1761 is

155 1818 269 1893 Quid?
292 1842 351 1884 non
372 1821 402 1883 in
421 1820 507 1885 bellis
523 1841 643 1904 quoque
665 1820 745 1882 idem
768 1820 817 1882 ille
837 1819 893 1896 vir,
910 1839 999 1902 quem
1014 1818 1104 1881 iusti

155 1906 276 1983 tuimus,
294 1908 319 1969 si
334 1907 372 1969 sit
386 1908 423 1971 ad
437 1906 584 1991 proelium
605 1906 692 1969 miles
707 1905 919 1982 cohortandus,
936 1926 976 1967 ex
992 1902 1100 1967 mediis

154 1990 317 2071 sapientiae
333 1991 503 2073 praeceptis
521 1992 687 2054 orationem
709 1990 832 2053 trehet?
876 1988 960 2051 Nam.
972 2010 1097 2072 quomo·

154 2072 194 2136 do
206 2092 333 2156 pugnam
349 2074 527 2152 ineuntibus,
540 2089 583 2138 tot
598 2076 685 2138 simul
700 2089 797 2138 metus
812 2075 933 2153 laboris,
945 2074 1095 2152 dolorum,

153 2173 306 2244 postremo
328 2159 431 2222 mortis
452 2159 545 2243 ipsius
564 2161 743 2240 exciderint,
761 2161 817 2224 nisi
831 2161 860 2222 in
876 2183 981 2223 eorum
996 2160 1135 2222 loeumso

153 2243 262 2330 pietas,
281 2260 310 2308 et
325 2243 476 2322 fortitudo,
491 2261 521 2310 et
535 2246 653 2310 honesti
669 2269 810 2330 praesens
825 2246 924 2329 imago
939 2267 1097 2310 successe·

153 2329 191 2394 rit
207 2330 219 2392 ἓ
257 2329 346 2402 Quae
359 2346 441 2396 certe
457 2331 562 2395 melius
575 2332 764 2415 persuadebit
778 2332 854 2408 aliis,
867 2332 916 2415 qui
932 2331 1014 2414 prins
1030 2351 1098 2414 per·

154 2417 279 2480 suaserit
305 2417 371 2480 sibi.
419 2416 529 2480 Prodit
552 2417 631 2480 euim
654 2440 699 2495 se,
716 2416 879 2500 quamlibet
899 2415 1096 2494 custodiatur,

153 2501 324 2566 simulatio:
348 2525 404 2566 nec
426 2523 554 2586 unquam
578 2517 659 2564 tanta
678 2500 765 2565 suerit
785 2503 943 2584 eloquendi
958 2501 1096 2578 facultas,

153 2600 266 2650 utnon
288 2587 392 2652 titubet
415 2601 502 2671 atque
530 2587 795 2669 haeream-quoties
821 2587 863 2648 ab»
879 2587 979 2648 animo
1002 2586 1137 2649 verbam

153 2670 337 2732 dissentiunt.
386 2673 444 2734 Vir
463 2685 562 2732 autem
586 2671 681 2733 malus
701 2671 779 2733 aliud
794 2671 876 2732 dieat
895 2693 1023 2734 necesse
1038 2684 1097 2749 est,

152 2773 240 2835 quam
256 2752 354 2814 sentit.
403 2755 509 2814 Bonos
526 2775 673 2834 nunquam
689 2755 829 2816 honestus
846 2776 946 2816 sermo
962 2756 1098 2834 deficiet,

150 2855 297 2917 nunquam
313 2856 411 2898 rerum
427 2835 603 2918 optimarum
624 2835 706 2916 (nam
722 2836 813 2897 iidem
829 2837 919 2898 etiarn
933 2841 1100 2919 prudentes

151 2921 249 3004 erunt)
277 2919 431 2984 inventio:
456 2941 531 3004 quae
558 2919 675 2982 etiarnsi
700 2919 1018 2984 lenociniis-destituta
1045 2925 1136 3004 sit,-.

151 3007 222 3072 satis
241 3022 339 3072 tamen
360 3022 462 3071 natura
484 3028 538 3070 sua
558 3019 699 3069 ornatur:
722 3005 957 3090 necquicquam
974 3029 1036 3071 non
1050 3011 1135 3074 di=ao

151 3109 242 3171 serte,
259 3094 341 3179 quod
356 3093 493 3170 honeste,
512 3091 630 3156 dicitur.
1048 3137 1052 3144 .

195 3179 312 3256 Quare,
325 3178 479 3264 juventus,
497 3178 558 3241 imo
573 3178 673 3242 omnis
692 3192 786 3257 aetas,
807 3177 919 3262 (neque
934 3178 1017 3241 enim
1028 3201 1095 3243 ree·

150 3277 198 3325 tae
211 3263 354 3326 voluntati
365 3288 464 3329 serum
477 3279 523 3328 est
534 3278 653 3348 tempus
664 3264 769 3347 ullum)
788 3264 858 3328 totis
875 3263 1101 3348 mentibus-huc-

150 3347 318 3424 tendamus,
336 3348 366 3411 iu
392 3351 451 3414 hoc
475 3350 688 3414 elaboremus:
711 3348 811 3415 forsan
833 3365 865 3413 et
886 3369 1100 3412 consummare
1127 3391 1134 3406 .

151 3429 312 3514 contingat.
360 3433 439 3498 Nam
463 3437 487 3499 si
509 3450 612 3498 natura
635 3456 695 3496 non
717 3435 855 3518 prohibet
872 3449 903 3497 et
917 3456 985 3498 esse
999 3433 1134 3498 uirumas

150 3517 275 3597 bonum,
293 3530 324 3580 et
338 3539 406 3582 esse
423 3519 542 3582 dicendi
563 3520 714 3603 peritum-2
738 3541 792 3582 cur
806 3541 866 3581 non
885 3519 990 3603 aliquis
1004 3517 1098 3582 etiam

151 3625 226 3670 unus
238 3619 393 3688 utrumque
409 3604 552 3686 consequi
567 3605 665 3687 possit
681 3604 693 3664 Ρ
716 3626 770 3668 cur
781 3618 878 3668 autem
893 3626 954 3667 non
968 3626 1002 3667 se
1014 3603 1101 3687 quie.
