2459 4200
344 265 497 313 annncrr
514 265 665 324 quantu
682 267 819 314 carran.

117 417 272 520 principiis
293 439 377 496 cura,
395 417 464 504 quia
481 420 599 484 videtur
621 439 669 484 ars
692 421 790 484 omnis
812 421 940 486 dicentis
961 438 1069 489 contra

112 505 251 591 judicem
274 504 420 567 adhiberi.
471 504 536 569 Sed
561 505 659 588 ipsum
681 505 759 570 istud
782 507 907 586 enitare,
930 529 1069 574 summae

4 591 6 620 l
116 591 187 654 artis
204 605 260 654 est.
310 588 390 653 Nam
413 590 443 654 id
466 591 530 653 sine
553 591 645 655 dubio
668 591 707 654 ab
729 593 880 669 omnibus,
897 595 1068 678 etquidem

117 677 244 760 optime,
261 691 458 758 praeceptum
475 691 542 740 est:
566 697 671 739 verum
691 676 874 760 aliquatenus
896 693 1067 762 temporum

97 761 292 824 sconditione
312 775 460 824 mutatur:
485 762 555 845 quia
574 761 638 846 jam
653 762 831 845 quibusdam
850 763 987 848 judiciis,
1004 785 1067 828 ma·

118 847 260 930 ximeque
275 846 465 930 capitalibus,
484 861 533 910 aut
549 848 629 931 apud
644 849 859 926 centumviros,
877 849 934 933 ipsi
944 847 1068 934 judices

118 931 241 1016 exigunt
256 931 390 995 solicitas
407 947 437 994 et
455 947 609 996 accuratas
626 933 774 1010 actiones,
791 935 1003 1018 contemnique
1018 955 1068 1013 se,

117 1017 173 1080 nisi
193 1017 221 1080 in
239 1017 370 1080 dicendo
390 1017 479 1080 etiam
495 1018 647 1100 diligentia
662 1033 817 1102 appareat,
834 1020 983 1082 credunt:
1006 1041 1072 1084 nec

4 1137 10 1161 ι
117 1101 223 1166 doceri
239 1115 363 1179 tantum,
382 1103 436 1166 sed
452 1101 541 1166 etiarn
558 1104 701 1167 delectari
716 1104 829 1168 volunt.
869 1103 913 1167 Ilt
927 1119 974 1168 est
989 1105 1072 1168 diffi-

4 1201 5 1208 ‘
85 1203 110 1246 ro
119 1187 186 1250 cilis
201 1187 288 1272 hujus
302 1188 346 1250 rei
361 1187 550 1252 moderatio:
572 1209 650 1271 quae
666 1202 766 1250 tamen
780 1190 822 1252 ita
836 1189 997 1273 temperari
1010 1210 1073 1272 po—

121 1285 193 1342 test,
210 1286 243 1334 ut
257 1272 407 1336 videamur
423 1287 576 1350 accurate,
593 1295 654 1335 non
669 1270 789 1349 callide,
806 1272 920 1334 dicere.

163 1357 243 1420 Illud
259 1379 299 1420 ex
314 1357 484 1442 praeceptis
498 1358 650 1420 veteribus
665 1369 778 1434 manet,
789 1378 828 1419 ne
840 1357 920 1440 quod
935 1355 1072 1422 insolens

4 1475 6 1508 ι
117 1443 256 1522 verbum,
273 1465 312 1506 ne
328 1444 469 1507 audacius
484 1442 668 1520 translatum,
685 1463 724 1504 ne
744 1458 795 1504 aut
809 1442 848 1504 ab
863 1441 998 1505 obsoleta
1012 1463 1069 1506 ve·

115 1542 240 1606 tustate,
259 1543 309 1592 aut
330 1529 452 1614 poetica
475 1527 595 1594 licentia
616 1541 758 1605 sumtum,
775 1527 805 1590 in
828 1527 975 1611 principio
989 1528 1073 1612 dep«

4 1671 6 1676 a
83 1613 308 1677 tanehendatur.
355 1613 498 1677 Nondum
519 1614 598 1676 enim
614 1613 731 1697 recepti
751 1635 865 1691 sumus,
882 1627 914 1678 et
933 1613 1071 1676 custodie

115 1721 173 1764 nos
188 1721 297 1764 recens
320 1699 502 1764 audientium
525 1699 673 1762 intentio:
696 1699 790 1781 magis
813 1698 980 1761 conciliatis
1002 1697 1065 1760 nni·

114 1785 187 1864 mis,
199 1799 231 1848 et
242 1785 307 1870 jam
323 1785 500 1862 calentibus,
514 1786 589 1848 haec
605 1785 727 1848 libertas
737 1782 860 1859 leretur,
874 1781 1072 1862 maximeque

116 1891 192 1934 cum
207 1871 238 1932 in
252 1871 338 1935 locos
352 1870 495 1934 fuerimus
511 1870 648 1953 ingressi,
665 1889 792 1951 quorum
813 1865 954 1929 naturalis
977 1865 1073 1928 uber—

116 1967 167 2019 tas
190 1955 339 2020 licentiam
351 1957 435 2022 verbi
450 1955 545 2019 notari
561 1952 743 2018 circumfuso
757 1952 854 2016 nitore
868 1973 929 2015 non
944 1950 1072 2035 pautrrr„

4 2045 7 2185 q
80 2057 108 2098 tt
163 2041 232 2106 Nec
254 2043 562 2126 argumentis'autem,
579 2062 638 2105 nec
652 2039 741 2118 locis,
758 2060 816 2103 nec
841 2037 1000 2102 narrationi
1025 2035 1074 2101 si·-

5 2188 6 2199 ,
115 2127 196 2191 milis
219 2150 287 2192 esse
311 2130 341 2192 in
362 2128 519 2214 prooemio
539 2128 630 2191 debet
652 2126 759 2202 oratio,
776 2146 875 2209 neque
896 2138 997 2187 tamen
1011 2122 1072 2185 de·

5 2218 6 2221 ’
117 2213 209 2277 ducta
241 2236 372 2299 semper,
401 2229 490 2299 atque
517 2213 703 2288 circumlata,
731 2211 786 2273 sed
812 2230 905 2291 saepe
934 2205 1073 2304 simplici

116 2312 209 2382 atque
239 2300 412 2365 illaboratae
442 2299 558 2375 similis,
589 2317 648 2357 nec
676 2295 776 2357 verbis
804 2294 946 2374 vultuque
975 2289 1072 2352 namin

142 2384 306 2449 comittens.
353 2384 553 2450 Dissimulate
583 2380 663 2443 enim
685 2392 733 2454 et,
753 2390 786 2440 ut
812 2375 927 2438 Gmeoi
950 2374 1072 2451 dicunt,

81 2470 276 2543 marmioun
307 2472 399 2550 actio,
431 2469 536 2533 melius
568 2487 660 2549 saepe
690 2461 827 2548 surrepit.
878 2459 944 2526 Sed
972 2459 1072 2535 haec„

116 2574 209 2646 prout
223 2558 345 2623 formari
360 2558 475 2620 animos
487 2554 624 2640 judicum
638 2549 792 2635 expediet.
974 2632 981 2644 ι
996 2630 1003 2643 .

165 2644 296 2709 Turbati
326 2642 482 2718 memoria,
506 2640 556 2703 vel
585 2636 778 2703 continuandi
806 2634 898 2697 verba
924 2630 1073 2728 facilitate·

117 2730 252 2809 destitui,
278 2748 424 2813 nusquam
455 2726 590 2809 turpius:
617 2745 688 2787 cum
713 2721 853 2784 vitiosum
877 2735 1071 2802 prooemium

141 2816 215 2880 ossit
237 2814 333 2881 videri
356 2814 534 2877 cicatricosa
555 2809 675 2874 facies:
698 2822 729 2870 et
750 2806 900 2898 pessimus
913 2816 1000 2896 certe
1011 2820 1073 2880 gu·

82 2838 270 2980 salernam,
287 2900 471 2986 quinarem,
489 2899 559 2962 dum
576 2910 695 2981 portum
713 2892 873 2976 egreditur,
891 2897 1026 2979 tmpeg¹t3

163 2985 279 3051 Modus
309 3000 409 3049 autem
439 2982 587 3069 principii,
612 3002 668 3065 pro
693 2998 795 3040 eausa.
841 2969 921 3031 Nam
943 2967 1070 3029 bretht

117 3071 286 3165 simplices,
311 3070 426 3155 longius
452 3068 616 3154 perplexae
646 3073 865 3159 suspectaeque
887 3063 918 3111 et
940 3046 1073 3143 infames.

119 3156 303 3220 desiderant.
350 3154 485 3220 Ridendi
510 3172 597 3227 vero,
622 3167 672 3229 qur
694 3141 775 3201 velut
796 3137 879 3215 leges
900 3150 1072 3229 prooemrta·

118 3240 261 3305 omnibus
284 3242 439 3319 dederunt,
456 3253 489 3302 ut
510 3238 583 3299 intra
599 3241 723 3317 quatuor
744 3241 849 3284 sensus
871 3232 1073 3317 termrqarau—

83 3341 177 3393 retur.
227 3325 295 3390 Nec
311 3327 407 3390 minus
428 3322 565 3387 evitanda
581 3330 627 3379 est
642 3307 802 3401 immodica
817 3304 883 3391 ejus
897 3304 1072 3389 longrtudo,

117 3434 157 3475 ne
187 3413 218 3475 in
248 3426 341 3497 ceput
369 3408 541 3473 excrevisse
564 3400 712 3474 videatur,
736 3409 779 3473 et,
803 3413 864 3479 quo
886 3396 1074 3477 praeparares

119 3497 222 3576 debet,
240 3496 354 3580 fatiget.
939 3555 947 3579 ‚

167 3580 350 3647 Sermonem
365 3601 382 3643 a
397 3594 525 3663 persona
541 3569 654 3659 judicis
674 3589 824 3645 aversum,
839 3585 918 3667 quae
930 3558 1073 3631 “⁰⁴2⁰st

391 3669 413 3729 4
