<?xml version="1.0" encoding="UTF-8"?>
<!DOCTYPE html PUBLIC "-//W3C//DTD XHTML 1.0 Transitional//EN"
    "http://www.w3.org/TR/xhtml1/DTD/xhtml1-transitional.dtd">
<html xmlns="http://www.w3.org/1999/xhtml" xml:lang="en" lang="en">
 <head>
  <title>
</title>
<meta http-equiv="Content-Type" content="text/html;charset=utf-8" />
  <meta name='ocr-system' content='tesseract 3.04.00' />
  <meta name='ocr-capabilities' content='ocr_page ocr_carea ocr_par ocr_line ocrx_word'/>
</head>
<body>
  <div class='ocr_page' id='page_1' title='image "./mfabiiquinctili00aldegoog_0221.png"; bbox 0 0 2459 4200; ppageno 0'>
   <div class='ocr_carea' id='block_1_1' title="bbox 344 298 1067 363">
    <p class='ocr_par' dir='ltr' id='par_1_1' title="bbox 344 298 1067 363">
     <span class='ocr_line' id='line_1_1' title="bbox 344 298 1067 363; baseline 0.01 -10"><span class='ocrx_word' id='word_1_1' title='bbox 344 310 498 355; x_wconf 78' lang='lat' dir='ltr'><strong>serrem</strong></span> <span class='ocrx_word' id='word_1_2' title='bbox 516 310 666 363; x_wconf 75' lang='lat' dir='ltr'><strong>ounnrrr</strong></span> <span class='ocrx_word' id='word_1_3' title='bbox 682 311 817 355; x_wconf 76' lang='lat' dir='ltr'><strong>crrrar.</strong></span> <span class='ocrx_word' id='word_1_4' title='bbox 1000 298 1067 361; x_wconf 68' lang='lat'><strong>215</strong></span> 
     </span>
    </p>
   </div>
   <div class='ocr_carea' id='block_1_2' title="bbox 99 458 1068 1143">
    <p class='ocr_par' dir='ltr' id='par_1_2' title="bbox 99 458 1068 1143">
     <span class='ocr_line' id='line_1_2' title="bbox 122 458 1068 547; baseline 0.007 -24"><span class='ocrx_word' id='word_1_5' title='bbox 122 459 230 545; x_wconf 74' lang='lat' dir='ltr'><strong>pionis</strong></span> <span class='ocrx_word' id='word_1_6' title='bbox 261 458 318 523; x_wconf 82' lang='lat' dir='ltr'><strong>sibi</strong></span> <span class='ocrx_word' id='word_1_7' title='bbox 348 482 469 538; x_wconf 85' lang='lat' dir='ltr'><strong>nomen,</strong></span> <span class='ocrx_word' id='word_1_8' title='bbox 486 460 607 527; x_wconf 88' lang='lat' dir='ltr'><strong>minime</strong></span> <span class='ocrx_word' id='word_1_9' title='bbox 629 461 675 527; x_wconf 90' lang='lat' dir='ltr'><strong>sui</strong></span> <span class='ocrx_word' id='word_1_10' title='bbox 696 476 899 547; x_wconf 87' lang='lat' dir='ltr'><strong>contemptor,</strong></span> <span class='ocrx_word' id='word_1_11' title='bbox 916 465 1068 543; x_wconf 79' lang='lat' dir='ltr'><strong>asseruit3</strong></span> 
     </span>
     <span class='ocr_line' id='line_1_3' title="bbox 121 545 1067 633; baseline 0.004 -23"><span class='ocrx_word' id='word_1_12' title='bbox 121 560 152 610; x_wconf 88' lang='lat' dir='ltr'><strong>et</strong></span> <span class='ocrx_word' id='word_1_13' title='bbox 173 545 280 609; x_wconf 89' lang='lat' dir='ltr'><strong>melius</strong></span> <span class='ocrx_word' id='word_1_14' title='bbox 303 545 418 623; x_wconf 89' lang='lat' dir='ltr'><strong>dicere,</strong></span> <span class='ocrx_word' id='word_1_15' title='bbox 436 561 519 611; x_wconf 90' lang='lat' dir='ltr'><strong>certe</strong></span> <span class='ocrx_word' id='word_1_16' title='bbox 542 547 610 611; x_wconf 83' lang='lat' dir='ltr'><strong>data</strong></span> <span class='ocrx_word' id='word_1_17' title='bbox 632 547 766 631; x_wconf 80' lang='lat' dir='ltr'><strong>longiore</strong></span> <span class='ocrx_word' id='word_1_18' title='bbox 788 548 860 627; x_wconf 86' lang='lat' dir='ltr'><strong>vita,</strong></span> <span class='ocrx_word' id='word_1_19' title='bbox 877 564 909 613; x_wconf 91' lang='lat' dir='ltr'><strong>et</strong></span> <span class='ocrx_word' id='word_1_20' title='bbox 930 562 1067 633; x_wconf 87' lang='lat' dir='ltr'><strong>tempore</strong></span> 
     </span>
     <span class='ocr_line' id='line_1_4' title="bbox 121 631 1066 728; baseline 0.006 -33"><span class='ocrx_word' id='word_1_21' title='bbox 121 631 159 701; x_wconf 80' lang='lat' dir='ltr'><strong>sd</strong></span> <span class='ocrx_word' id='word_1_22' title='bbox 189 632 434 728; x_wconf 86' lang='lat' dir='ltr'><strong>componendum</strong></span> <span class='ocrx_word' id='word_1_23' title='bbox 463 632 627 709; x_wconf 79' lang='lat' dir='ltr'>securiore,</span> <span class='ocrx_word' id='word_1_24' title='bbox 652 632 823 716; x_wconf 90' lang='lat' dir='ltr'><strong>potuisset:</strong></span> <span class='ocrx_word' id='word_1_25' title='bbox 847 655 908 696; x_wconf 91' lang='lat' dir='ltr'><strong>non</strong></span> <span class='ocrx_word' id='word_1_26' title='bbox 936 636 1066 719; x_wconf 76' lang='lat' dir='ltr'><strong>maligne</strong></span> 
     </span>
     <span class='ocr_line' id='line_1_5' title="bbox 120 714 1068 802; baseline 0.004 -21"><span class='ocrx_word' id='word_1_27' title='bbox 120 716 314 793; x_wconf 73' lang='lat' dir='ltr'><strong>crediderim,</strong></span> <span class='ocrx_word' id='word_1_28' title='bbox 333 714 465 781; x_wconf 81' lang='lat' dir='ltr'><strong>defuisse</strong></span> <span class='ocrx_word' id='word_1_29' title='bbox 488 716 517 780; x_wconf 90' lang='lat' dir='ltr'><strong>ei</strong></span> <span class='ocrx_word' id='word_1_30' title='bbox 539 740 686 781; x_wconf 90' lang='lat' dir='ltr'><strong>summam</strong></span> <span class='ocrx_word' id='word_1_31' title='bbox 707 718 799 795; x_wconf 84' lang='lat' dir='ltr'><strong>illurn,</strong></span> <span class='ocrx_word' id='word_1_32' title='bbox 815 718 957 802; x_wconf 84' lang='lat' dir='ltr'><strong>adquam</strong></span> <span class='ocrx_word' id='word_1_33' title='bbox 977 743 1068 787; x_wconf 87' lang='lat' dir='ltr'><strong>nemo</strong></span> 
     </span>
     <span class='ocr_line' id='line_1_6' title="bbox 99 800 1066 900; baseline 0.007 -34"><span class='ocrx_word' id='word_1_34' title='bbox 99 801 244 900; x_wconf 79' lang='lat' dir='ltr'><strong>apropius</strong></span> <span class='ocrx_word' id='word_1_35' title='bbox 269 802 411 865; x_wconf 85' lang='lat' dir='ltr'><strong>accessit.</strong></span> <span class='ocrx_word' id='word_1_36' title='bbox 458 800 500 866; x_wconf 84' lang='lat' dir='ltr'><strong>Et</strong></span> <span class='ocrx_word' id='word_1_37' title='bbox 520 802 643 878; x_wconf 80' lang='lat' dir='ltr'>licebat,</span> <span class='ocrx_word' id='word_1_38' title='bbox 656 803 681 866; x_wconf 91' lang='lat' dir='ltr'><strong>si</strong></span> <span class='ocrx_word' id='word_1_39' title='bbox 696 804 780 867; x_wconf 87' lang='lat' dir='ltr'><strong>sliter</strong></span> <span class='ocrx_word' id='word_1_40' title='bbox 795 803 948 882; x_wconf 79' lang='lat' dir='ltr'><strong>sentirem,</strong></span> <span class='ocrx_word' id='word_1_41' title='bbox 962 803 1066 873; x_wconf 74' lang='lat' dir='ltr'><strong>lortius</strong></span> 
     </span>
     <span class='ocr_line' id='line_1_7' title="bbox 120 885 1067 971; baseline 0.004 -22"><span class='ocrx_word' id='word_1_42' title='bbox 120 887 152 951; x_wconf 91' lang='lat' dir='ltr'><strong>rd</strong></span> <span class='ocrx_word' id='word_1_43' title='bbox 166 886 347 971; x_wconf 86' lang='lat' dir='ltr'><strong>liberiusque</strong></span> <span class='ocrx_word' id='word_1_44' title='bbox 363 885 535 951; x_wconf 82' lang='lat' dir='ltr'><strong>defendere.</strong></span> <span class='ocrx_word' id='word_1_45' title='bbox 584 886 636 951; x_wconf 91' lang='lat' dir='ltr'><strong>An</strong></span> <span class='ocrx_word' id='word_1_46' title='bbox 652 910 726 951; x_wconf 87' lang='lat' dir='ltr'><strong>vero</strong></span> <span class='ocrx_word' id='word_1_47' title='bbox 742 887 789 951; x_wconf 91' lang='grc' dir='ltr'><strong>Μ.</strong></span> <span class='ocrx_word' id='word_1_48' title='bbox 805 886 957 954; x_wconf 82' lang='lat' dir='ltr'><strong>Antonius</strong></span> <span class='ocrx_word' id='word_1_49' title='bbox 970 892 1067 953; x_wconf 81' lang='lat' dir='ltr'><strong>aemi·</strong></span> 
     </span>
     <span class='ocr_line' id='line_1_8' title="bbox 119 972 1067 1059; baseline 0.003 -24"><span class='ocrx_word' id='word_1_50' title='bbox 119 992 188 1035; x_wconf 81' lang='lat' dir='ltr'><strong>arm</strong></span> <span class='ocrx_word' id='word_1_51' title='bbox 203 992 224 1033; x_wconf 86' lang='lat' dir='ltr'><strong>a</strong></span> <span class='ocrx_word' id='word_1_52' title='bbox 238 993 268 1033; x_wconf 83' lang='lat' dir='ltr'><strong>se</strong></span> <span class='ocrx_word' id='word_1_53' title='bbox 282 972 380 1034; x_wconf 84' lang='lat' dir='ltr'><strong>visum</strong></span> <span class='ocrx_word' id='word_1_54' title='bbox 395 973 589 1055; x_wconf 83' lang='lat' dir='ltr'><strong>eloquentem,</strong></span> <span class='ocrx_word' id='word_1_55' title='bbox 606 973 689 1057; x_wconf 90' lang='lat' dir='ltr'><strong>quod</strong></span> <span class='ocrx_word' id='word_1_56' title='bbox 703 988 785 1038; x_wconf 89' lang='lat' dir='ltr'><strong>tanto</strong></span> <span class='ocrx_word' id='word_1_57' title='bbox 800 974 895 1038; x_wconf 89' lang='lat' dir='ltr'><strong>minus</strong></span> <span class='ocrx_word' id='word_1_58' title='bbox 910 991 985 1053; x_wconf 85' lang='lat' dir='ltr'><strong>erat,</strong></span> <span class='ocrx_word' id='word_1_59' title='bbox 996 997 1067 1059; x_wconf 90' lang='lat' dir='ltr'><strong>pro·</strong></span> 
     </span>
     <span class='ocr_line' id='line_1_9' title="bbox 120 1054 1065 1143; baseline 0.003 -21"><span class='ocrx_word' id='word_1_60' title='bbox 120 1054 217 1123; x_wconf 82' lang='lat' dir='ltr'><strong>lessus</strong></span> <span class='ocrx_word' id='word_1_61' title='bbox 234 1072 303 1133; x_wconf 88' lang='lat' dir='ltr'><strong>est;</strong></span> <span class='ocrx_word' id='word_1_62' title='bbox 326 1057 391 1140; x_wconf 88' lang='lat' dir='ltr'><strong>ipse</strong></span> <span class='ocrx_word' id='word_1_63' title='bbox 415 1058 504 1121; x_wconf 87' lang='lat' dir='ltr'><strong>etiam</strong></span> <span class='ocrx_word' id='word_1_64' title='bbox 529 1054 575 1121; x_wconf 91' lang='lat' dir='ltr'><strong>M.</strong></span> <span class='ocrx_word' id='word_1_65' title='bbox 592 1058 711 1123; x_wconf 88' lang='lat' dir='ltr'><strong>Tullius</strong></span> <span class='ocrx_word' id='word_1_66' title='bbox 728 1060 847 1143; x_wconf 75' lang='lat' dir='ltr'><strong>qaaerit</strong></span> <span class='ocrx_word' id='word_1_67' title='bbox 865 1061 965 1123; x_wconf 77' lang='lat' dir='ltr'><strong>adbuc</strong></span> <span class='ocrx_word' id='word_1_68' title='bbox 984 1081 1065 1139; x_wconf 78' lang='lat' dir='ltr'><strong>eam,</strong></span> 
     </span>
    </p>
   </div>
   <div class='ocr_carea' id='block_1_3' title="bbox 120 1142 1172 1227">
    <p class='ocr_par' dir='ltr' id='par_1_3' title="bbox 120 1142 1172 1227">
     <span class='ocr_line' id='line_1_10' title="bbox 120 1142 1172 1227; baseline 0.005 -20"><span class='ocrx_word' id='word_1_69' title='bbox 120 1156 152 1207; x_wconf 88' lang='lat' dir='ltr'><strong>et</strong></span> <span class='ocrx_word' id='word_1_70' title='bbox 166 1156 280 1205; x_wconf 86' lang='lat' dir='ltr'><strong>tantum</strong></span> <span class='ocrx_word' id='word_1_71' title='bbox 295 1142 468 1225; x_wconf 78' lang='lat' dir='ltr'><strong>imaginatur</strong></span> <span class='ocrx_word' id='word_1_72' title='bbox 483 1164 520 1206; x_wconf 91' lang='lat' dir='ltr'><strong>ac</strong></span> <span class='ocrx_word' id='word_1_73' title='bbox 535 1143 639 1226; x_wconf 82' lang='lat' dir='ltr'><strong>fingit:</strong></span> <span class='ocrx_word' id='word_1_74' title='bbox 663 1165 721 1227; x_wconf 85' lang='lat' dir='ltr'><strong>ego</strong></span> <span class='ocrx_word' id='word_1_75' title='bbox 736 1167 795 1209; x_wconf 90' lang='lat' dir='ltr'><strong>non</strong></span> <span class='ocrx_word' id='word_1_76' title='bbox 810 1146 938 1210; x_wconf 81' lang='lat' dir='ltr'><strong>audeam</strong></span> <span class='ocrx_word' id='word_1_77' title='bbox 949 1146 1064 1226; x_wconf 83' lang='lat' dir='ltr'><strong>dicere,</strong></span> <span class='ocrx_word' id='word_1_78' title='bbox 1166 1145 1172 1151; x_wconf 67' lang='grc'>’</span> 
     </span>
    </p>
   </div>
   <div class='ocr_carea' id='block_1_4' title="bbox 28 1227 1066 3696">
    <p class='ocr_par' dir='ltr' id='par_1_4' title="bbox 28 1227 1066 3696">
     <span class='ocr_line' id='line_1_11' title="bbox 85 1227 1066 1313; baseline 0.004 -24"><span class='ocrx_word' id='word_1_79' title='bbox 85 1227 234 1311; x_wconf 84' lang='lat' dir='ltr'><strong>maliquid</strong></span> <span class='ocrx_word' id='word_1_80' title='bbox 249 1227 279 1289; x_wconf 86' lang='lat' dir='ltr'><strong>in</strong></span> <span class='ocrx_word' id='word_1_81' title='bbox 293 1227 363 1305; x_wconf 88' lang='lat' dir='ltr'><strong>hac,</strong></span> <span class='ocrx_word' id='word_1_82' title='bbox 379 1249 455 1311; x_wconf 87' lang='lat' dir='ltr'><strong>quse</strong></span> <span class='ocrx_word' id='word_1_83' title='bbox 476 1244 625 1311; x_wconf 83' lang='lat' dir='ltr'><strong>superest,</strong></span> <span class='ocrx_word' id='word_1_84' title='bbox 642 1229 817 1292; x_wconf 81' lang='lat' dir='ltr'><strong>aeternitate</strong></span> <span class='ocrx_word' id='word_1_85' title='bbox 835 1231 960 1293; x_wconf 88' lang='lat' dir='ltr'><strong>inveniri</strong></span> <span class='ocrx_word' id='word_1_86' title='bbox 973 1253 1066 1313; x_wconf 87' lang='lat' dir='ltr'><strong>posse</strong></span> 
     </span>
     <span class='ocr_line' id='line_1_12' title="bbox 121 1310 1065 1397; baseline 0.002 -20"><span class='ocrx_word' id='word_1_87' title='bbox 121 1334 174 1390; x_wconf 87' lang='lat' dir='ltr'><strong>eo,</strong></span> <span class='ocrx_word' id='word_1_88' title='bbox 191 1312 274 1397; x_wconf 91' lang='lat' dir='ltr'><strong>quod</strong></span> <span class='ocrx_word' id='word_1_89' title='bbox 295 1310 394 1391; x_wconf 83' lang='lat' dir='ltr'><strong>suerit,</strong></span> <span class='ocrx_word' id='word_1_90' title='bbox 411 1312 599 1396; x_wconf 82' lang='lat' dir='ltr'><strong>perfectius?</strong></span> <span class='ocrx_word' id='word_1_91' title='bbox 647 1312 785 1377; x_wconf 86' lang='lat' dir='ltr'><strong>Transeo</strong></span> <span class='ocrx_word' id='word_1_92' title='bbox 808 1313 887 1392; x_wconf 91' lang='lat' dir='ltr'><strong>illos,</strong></span> <span class='ocrx_word' id='word_1_93' title='bbox 904 1314 955 1397; x_wconf 92' lang='lat' dir='ltr'><strong>qui</strong></span> <span class='ocrx_word' id='word_1_94' title='bbox 971 1314 1065 1379; x_wconf 86' lang='lat' dir='ltr'><strong>Cice·</strong></span> 
     </span>
     <span class='ocr_line' id='line_1_13' title="bbox 120 1396 1065 1482; baseline 0 -21"><span class='ocrx_word' id='word_1_95' title='bbox 120 1398 188 1461; x_wconf 89' lang='lat' dir='ltr'><strong>roni</strong></span> <span class='ocrx_word' id='word_1_96' title='bbox 203 1418 237 1461; x_wconf 83' lang='lat' dir='ltr'><strong>sc</strong></span> <span class='ocrx_word' id='word_1_97' title='bbox 259 1396 461 1461; x_wconf 88' lang='lat' dir='ltr'><strong>Demostheni</strong></span> <span class='ocrx_word' id='word_1_98' title='bbox 481 1420 519 1461; x_wconf 91' lang='lat' dir='ltr'><strong>ue</strong></span> <span class='ocrx_word' id='word_1_99' title='bbox 543 1397 571 1460; x_wconf 94' lang='lat' dir='ltr'><strong>in</strong></span> <span class='ocrx_word' id='word_1_100' title='bbox 594 1398 763 1482; x_wconf 78' lang='lat' dir='ltr'><strong>ebquentiu</strong></span> <span class='ocrx_word' id='word_1_101' title='bbox 778 1398 900 1481; x_wconf 89' lang='lat' dir='ltr'><strong>quidem</strong></span> <span class='ocrx_word' id='word_1_102' title='bbox 922 1399 992 1463; x_wconf 87' lang='lat' dir='ltr'><strong>satis</strong></span> <span class='ocrx_word' id='word_1_103' title='bbox 1015 1397 1065 1463; x_wconf 89' lang='lat' dir='ltr'><strong>tri·</strong></span> 
     </span>
     <span class='ocr_line' id='line_1_14' title="bbox 119 1481 1065 1569; baseline 0 -18"><span class='ocrx_word' id='word_1_104' title='bbox 119 1482 237 1551; x_wconf 87' lang='lat' dir='ltr'><strong>bunut:</strong></span> <span class='ocrx_word' id='word_1_105' title='bbox 261 1503 429 1567; x_wconf 87' lang='lat' dir='ltr'><strong>quanquam</strong></span> <span class='ocrx_word' id='word_1_106' title='bbox 459 1504 556 1567; x_wconf 85' lang='lat' dir='ltr'><strong>neque</strong></span> <span class='ocrx_word' id='word_1_107' title='bbox 586 1483 644 1569; x_wconf 91' lang='lat' dir='ltr'><strong>ipsi</strong></span> <span class='ocrx_word' id='word_1_108' title='bbox 668 1481 813 1547; x_wconf 82' lang='lat' dir='ltr'><strong>Ciceroni</strong></span> <span class='ocrx_word' id='word_1_109' title='bbox 827 1482 1065 1551; x_wconf 71' lang='lat' dir='ltr'><strong>Demosthenes</strong></span> 
     </span>
     <span class='ocr_line' id='line_1_15' title="bbox 120 1566 1065 1653; baseline 0.007 -23"><span class='ocrx_word' id='word_1_110' title='bbox 120 1567 258 1631; x_wconf 88' lang='lat' dir='ltr'><strong>videatur</strong></span> <span class='ocrx_word' id='word_1_111' title='bbox 284 1568 354 1631; x_wconf 86' lang='lat' dir='ltr'><strong>satis</strong></span> <span class='ocrx_word' id='word_1_112' title='bbox 377 1589 445 1631; x_wconf 87' lang='lat' dir='ltr'><strong>esso</strong></span> <span class='ocrx_word' id='word_1_113' title='bbox 469 1566 631 1651; x_wconf 83' lang='lat' dir='ltr'><strong>perlectus,</strong></span> <span class='ocrx_word' id='word_1_114' title='bbox 648 1591 738 1653; x_wconf 88' lang='lat' dir='ltr'><strong>quem</strong></span> <span class='ocrx_word' id='word_1_115' title='bbox 760 1568 924 1633; x_wconf 82' lang='lat' dir='ltr'><strong>dormitare</strong></span> <span class='ocrx_word' id='word_1_116' title='bbox 947 1570 1065 1637; x_wconf 87' lang='lat' dir='ltr'><strong>interim</strong></span> 
     </span>
     <span class='ocr_line' id='line_1_16' title="bbox 83 1651 1064 1741; baseline 0.002 -24"><span class='ocrx_word' id='word_1_117' title='bbox 83 1652 196 1717; x_wconf 75' lang='lat' dir='ltr'><strong>sedicit</strong></span> <span class='ocrx_word' id='word_1_118' title='bbox 210 1672 219 1727; x_wconf 82' lang='lat'>3</span> <span class='ocrx_word' id='word_1_119' title='bbox 241 1674 297 1715; x_wconf 87' lang='lat' dir='ltr'><strong>neo</strong></span> <span class='ocrx_word' id='word_1_120' title='bbox 312 1651 426 1715; x_wconf 86' lang='lat' dir='ltr'><strong>Cicero</strong></span> <span class='ocrx_word' id='word_1_121' title='bbox 443 1653 539 1717; x_wconf 93' lang='lat' dir='ltr'><strong>Bruto</strong></span> <span class='ocrx_word' id='word_1_122' title='bbox 555 1653 726 1739; x_wconf 84' lang='lat' dir='ltr'><strong>Calvoque,</strong></span> <span class='ocrx_word' id='word_1_123' title='bbox 743 1654 793 1739; x_wconf 91' lang='lat' dir='ltr'><strong>qui</strong></span> <span class='ocrx_word' id='word_1_124' title='bbox 813 1670 896 1719; x_wconf 88' lang='lat' dir='ltr'><strong>certe</strong></span> <span class='ocrx_word' id='word_1_125' title='bbox 912 1658 1064 1741; x_wconf 89' lang='lat' dir='ltr'><strong>composi-</strong></span> 
     </span>
     <span class='ocr_line' id='line_1_17' title="bbox 120 1737 1064 1822; baseline 0 -21"><span class='ocrx_word' id='word_1_126' title='bbox 120 1737 235 1801; x_wconf 85' lang='lat' dir='ltr'><strong>tionem</strong></span> <span class='ocrx_word' id='word_1_127' title='bbox 250 1737 326 1801; x_wconf 89' lang='lat' dir='ltr'><strong>illius</strong></span> <span class='ocrx_word' id='word_1_128' title='bbox 342 1737 431 1801; x_wconf 84' lang='lat' dir='ltr'><strong>etlam</strong></span> <span class='ocrx_word' id='word_1_129' title='bbox 446 1740 525 1821; x_wconf 91' lang='lat' dir='ltr'><strong>apud</strong></span> <span class='ocrx_word' id='word_1_130' title='bbox 541 1739 638 1821; x_wconf 88' lang='lat' dir='ltr'><strong>ipsum</strong></span> <span class='ocrx_word' id='word_1_131' title='bbox 654 1740 874 1822; x_wconf 86' lang='lat' dir='ltr'><strong>reprehendunt</strong></span> <span class='ocrx_word' id='word_1_132' title='bbox 889 1762 898 1815; x_wconf 80' lang='lat'><em>3</em></span> <span class='ocrx_word' id='word_1_133' title='bbox 920 1763 977 1802; x_wconf 89' lang='lat' dir='ltr'><strong>nec</strong></span> <span class='ocrx_word' id='word_1_134' title='bbox 991 1741 1064 1803; x_wconf 89' lang='lat' dir='ltr'><strong>Asi·</strong></span> 
     </span>
     <span class='ocr_line' id='line_1_18' title="bbox 120 1822 1065 1907; baseline 0.004 -22"><span class='ocrx_word' id='word_1_135' title='bbox 120 1822 170 1885; x_wconf 92' lang='lat' dir='ltr'><strong>nio</strong></span> <span class='ocrx_word' id='word_1_136' title='bbox 187 1822 313 1907; x_wconf 89' lang='lat' dir='ltr'><strong>utrique,</strong></span> <span class='ocrx_word' id='word_1_137' title='bbox 330 1822 381 1906; x_wconf 92' lang='lat' dir='ltr'><strong>qui</strong></span> <span class='ocrx_word' id='word_1_138' title='bbox 402 1822 474 1885; x_wconf 88' lang='lat' dir='ltr'><strong>vitia</strong></span> <span class='ocrx_word' id='word_1_139' title='bbox 491 1823 633 1886; x_wconf 86' lang='lat' dir='ltr'><strong>orationis</strong></span> <span class='ocrx_word' id='word_1_140' title='bbox 649 1822 714 1907; x_wconf 87' lang='lat' dir='ltr'><strong>ejus</strong></span> <span class='ocrx_word' id='word_1_141' title='bbox 730 1823 821 1887; x_wconf 86' lang='lat' dir='ltr'><strong>etiam</strong></span> <span class='ocrx_word' id='word_1_142' title='bbox 839 1822 959 1885; x_wconf 86' lang='lat' dir='ltr'><strong>inimice</strong></span> <span class='ocrx_word' id='word_1_143' title='bbox 974 1823 1065 1907; x_wconf 86' lang='lat' dir='ltr'><strong>pluri·</strong></span> 
     </span>
     <span class='ocr_line' id='line_1_19' title="bbox 119 1907 484 1991; baseline -0.016 -18"><span class='ocrx_word' id='word_1_144' title='bbox 119 1908 177 1973; x_wconf 90' lang='lat' dir='ltr'><strong>bus</strong></span> <span class='ocrx_word' id='word_1_145' title='bbox 191 1907 268 1971; x_wconf 90' lang='lat' dir='ltr'><strong>locis</strong></span> <span class='ocrx_word' id='word_1_146' title='bbox 283 1908 484 1991; x_wconf 83' lang='lat' dir='ltr'><strong>insequuntur.</strong></span> 
     </span>
     <span class='ocr_line' id='line_1_20' title="bbox 163 1992 1064 2093; baseline 0.001 -34"><span class='ocrx_word' id='word_1_147' title='bbox 163 1992 377 2093; x_wconf 75' lang='lat' dir='ltr'><strong>Cpncedamus</strong></span> <span class='ocrx_word' id='word_1_148' title='bbox 390 2013 474 2071; x_wconf 86' lang='lat' dir='ltr'><strong>sane,</strong></span> <span class='ocrx_word' id='word_1_149' title='bbox 485 1992 568 2076; x_wconf 90' lang='lat' dir='ltr'><strong>quod</strong></span> <span class='ocrx_word' id='word_1_150' title='bbox 583 1992 704 2059; x_wconf 89' lang='lat' dir='ltr'><strong>minimo</strong></span> <span class='ocrx_word' id='word_1_151' title='bbox 719 2005 821 2057; x_wconf 86' lang='lat' dir='ltr'><strong>natura</strong></span> <span class='ocrx_word' id='word_1_152' title='bbox 831 1992 953 2078; x_wconf 88' lang='lat' dir='ltr'><strong>patitur,</strong></span> <span class='ocrx_word' id='word_1_153' title='bbox 962 2016 1064 2079; x_wconf 70' lang='lat' dir='ltr'><strong>repen</strong></span> 
     </span>
     <span class='ocr_line' id='line_1_21' title="bbox 83 2078 1063 2162; baseline 0 -16"><span class='ocrx_word' id='word_1_154' title='bbox 83 2093 185 2146; x_wconf 79' lang='lat' dir='ltr'><strong>sotum</strong></span> <span class='ocrx_word' id='word_1_155' title='bbox 200 2101 268 2144; x_wconf 88' lang='lat' dir='ltr'><strong>esse</strong></span> <span class='ocrx_word' id='word_1_156' title='bbox 283 2078 411 2162; x_wconf 89' lang='lat' dir='ltr'><strong>aliquem</strong></span> <span class='ocrx_word' id='word_1_157' title='bbox 426 2078 536 2144; x_wconf 87' lang='lat' dir='ltr'><strong>malum</strong></span> <span class='ocrx_word' id='word_1_158' title='bbox 552 2078 659 2159; x_wconf 88' lang='lat' dir='ltr'><strong>virum,</strong></span> <span class='ocrx_word' id='word_1_159' title='bbox 670 2102 787 2144; x_wconf 88' lang='lat' dir='ltr'><strong>summe</strong></span> <span class='ocrx_word' id='word_1_160' title='bbox 802 2079 967 2147; x_wconf 86' lang='lat' dir='ltr'><strong>disertum:</strong></span> <span class='ocrx_word' id='word_1_161' title='bbox 989 2080 1063 2146; x_wconf 88' lang='lat' dir='ltr'><strong>nihi·</strong></span> 
     </span>
     <span class='ocr_line' id='line_1_22' title="bbox 120 2165 1064 2249; baseline 0 -19"><span class='ocrx_word' id='word_1_162' title='bbox 120 2165 151 2230; x_wconf 93' lang='lat' dir='ltr'><strong>lo</strong></span> <span class='ocrx_word' id='word_1_163' title='bbox 167 2180 266 2230; x_wconf 87' lang='lat' dir='ltr'><strong>tamen</strong></span> <span class='ocrx_word' id='word_1_164' title='bbox 281 2165 379 2230; x_wconf 91' lang='lat' dir='ltr'><strong>minus</strong></span> <span class='ocrx_word' id='word_1_165' title='bbox 397 2180 546 2229; x_wconf 88' lang='lat' dir='ltr'><strong>oratorem</strong></span> <span class='ocrx_word' id='word_1_166' title='bbox 564 2169 634 2230; x_wconf 87' lang='lat' dir='ltr'><strong>&#39;eum</strong></span> <span class='ocrx_word' id='word_1_167' title='bbox 655 2167 784 2249; x_wconf 80' lang='lat' dir='ltr'><strong>negabo.</strong></span> <span class='ocrx_word' id='word_1_168' title='bbox 831 2165 911 2230; x_wconf 89' lang='lat' dir='ltr'><strong>Nam</strong></span> <span class='ocrx_word' id='word_1_169' title='bbox 925 2189 982 2230; x_wconf 90' lang='lat' dir='ltr'><strong>nec</strong></span> <span class='ocrx_word' id='word_1_170' title='bbox 998 2189 1064 2230; x_wconf 90' lang='lat' dir='ltr'><strong>om·</strong></span> 
     </span>
     <span class='ocr_line' id='line_1_23' title="bbox 119 2248 1063 2335; baseline -0.002 -21"><span class='ocrx_word' id='word_1_171' title='bbox 119 2251 219 2327; x_wconf 90' lang='lat' dir='ltr'><strong>nibus,</strong></span> <span class='ocrx_word' id='word_1_172' title='bbox 235 2250 285 2335; x_wconf 92' lang='lat' dir='ltr'><strong>qui</strong></span> <span class='ocrx_word' id='word_1_173' title='bbox 300 2248 407 2316; x_wconf 85' lang='lat' dir='ltr'><strong>suerint</strong></span> <span class='ocrx_word' id='word_1_174' title='bbox 428 2271 514 2312; x_wconf 91' lang='lat' dir='ltr'><strong>manu</strong></span> <span class='ocrx_word' id='word_1_175' title='bbox 529 2250 674 2332; x_wconf 86' lang='lat' dir='ltr'><strong>prompti,</strong></span> <span class='ocrx_word' id='word_1_176' title='bbox 690 2251 746 2313; x_wconf 86' lang='lat' dir='ltr'><strong>viri</strong></span> <span class='ocrx_word' id='word_1_177' title='bbox 761 2249 844 2314; x_wconf 88' lang='lat' dir='ltr'><strong>sortis</strong></span> <span class='ocrx_word' id='word_1_178' title='bbox 865 2271 976 2314; x_wconf 89' lang='lat' dir='ltr'><strong>nomen</strong></span> <span class='ocrx_word' id='word_1_179' title='bbox 990 2271 1063 2314; x_wconf 89' lang='lat' dir='ltr'><strong>oon·</strong></span> 
     </span>
     <span class='ocr_line' id='line_1_24' title="bbox 120 2333 1060 2419; baseline 0.001 -21"><span class='ocrx_word' id='word_1_180' title='bbox 120 2336 278 2413; x_wconf 86' lang='lat' dir='ltr'><strong>cesserim,</strong></span> <span class='ocrx_word' id='word_1_181' title='bbox 299 2337 367 2419; x_wconf 85' lang='lat' dir='ltr'><strong>quie</strong></span> <span class='ocrx_word' id='word_1_182' title='bbox 382 2336 446 2400; x_wconf 91' lang='lat' dir='ltr'><strong>sine</strong></span> <span class='ocrx_word' id='word_1_183' title='bbox 461 2334 568 2396; x_wconf 87' lang='lat' dir='ltr'><strong>virtuts</strong></span> <span class='ocrx_word' id='word_1_184' title='bbox 583 2334 704 2417; x_wconf 85' lang='lat' dir='ltr'><strong>intelligi</strong></span> <span class='ocrx_word' id='word_1_185' title='bbox 719 2356 779 2397; x_wconf 91' lang='lat' dir='ltr'><strong>non</strong></span> <span class='ocrx_word' id='word_1_186' title='bbox 795 2348 894 2416; x_wconf 89' lang='lat' dir='ltr'><strong>potest</strong></span> <span class='ocrx_word' id='word_1_187' title='bbox 908 2333 1060 2400; x_wconf 74' lang='lat' dir='ltr'><strong>fortitudo.</strong></span> 
     </span>
     <span class='ocr_line' id='line_1_25' title="bbox 121 2417 1065 2505; baseline -0.002 -21"><span class='ocrx_word' id='word_1_188' title='bbox 121 2419 175 2484; x_wconf 79' lang='lat' dir='ltr'><strong>Au</strong></span> <span class='ocrx_word' id='word_1_189' title='bbox 197 2421 237 2499; x_wconf 88' lang='lat' dir='ltr'><strong>ei,</strong></span> <span class='ocrx_word' id='word_1_190' title='bbox 254 2421 304 2505; x_wconf 90' lang='lat' dir='ltr'><strong>qui</strong></span> <span class='ocrx_word' id='word_1_191' title='bbox 327 2422 365 2484; x_wconf 91' lang='lat' dir='ltr'><strong>ad</strong></span> <span class='ocrx_word' id='word_1_192' title='bbox 388 2417 591 2484; x_wconf 82' lang='lat' dir='ltr'><strong>defendendas</strong></span> <span class='ocrx_word' id='word_1_193' title='bbox 613 2438 720 2484; x_wconf 84' lang='lat' dir='ltr'><strong>causas</strong></span> <span class='ocrx_word' id='word_1_194' title='bbox 743 2418 920 2495; x_wconf 89' lang='lat' dir='ltr'><strong>advocatur,</strong></span> <span class='ocrx_word' id='word_1_195' title='bbox 936 2440 996 2482; x_wconf 93' lang='lat' dir='ltr'><strong>non</strong></span> <span class='ocrx_word' id='word_1_196' title='bbox 1017 2435 1065 2482; x_wconf 86' lang='lat' dir='ltr'><strong>est</strong></span> 
     </span>
     <span class='ocr_line' id='line_1_26' title="bbox 81 2503 1064 2590; baseline -0.006 -18"><span class='ocrx_word' id='word_1_197' title='bbox 81 2527 196 2590; x_wconf 77' lang='lat' dir='ltr'><strong>asopus</strong></span> <span class='ocrx_word' id='word_1_198' title='bbox 223 2507 294 2583; x_wconf 86' lang='lat' dir='ltr'><strong>tide,</strong></span> <span class='ocrx_word' id='word_1_199' title='bbox 311 2527 399 2590; x_wconf 85' lang='lat' dir='ltr'><strong>quem</strong></span> <span class='ocrx_word' id='word_1_200' title='bbox 425 2526 482 2568; x_wconf 92' lang='lat' dir='ltr'><strong>uec</strong></span> <span class='ocrx_word' id='word_1_201' title='bbox 509 2503 657 2586; x_wconf 84' lang='lat' dir='ltr'><strong>cupiditas</strong></span> <span class='ocrx_word' id='word_1_202' title='bbox 683 2517 867 2586; x_wconf 85' lang='lat' dir='ltr'><strong>corrumpat,</strong></span> <span class='ocrx_word' id='word_1_203' title='bbox 886 2525 944 2566; x_wconf 92' lang='lat' dir='ltr'><strong>nec</strong></span> <span class='ocrx_word' id='word_1_204' title='bbox 970 2503 1064 2586; x_wconf 81' lang='lat' dir='ltr'><strong>gratia</strong></span> 
     </span>
     <span class='ocr_line' id='line_1_27' title="bbox 120 2587 1063 2672; baseline -0.005 -16"><span class='ocrx_word' id='word_1_205' title='bbox 120 2605 245 2667; x_wconf 85' lang='lat' dir='ltr'><strong>avertat,</strong></span> <span class='ocrx_word' id='word_1_206' title='bbox 261 2613 319 2656; x_wconf 85' lang='lat' dir='ltr'><strong>neo</strong></span> <span class='ocrx_word' id='word_1_207' title='bbox 350 2603 446 2654; x_wconf 90' lang='lat' dir='ltr'><strong>metus</strong></span> <span class='ocrx_word' id='word_1_208' title='bbox 472 2587 611 2671; x_wconf 79' lang='lat' dir='ltr'><strong>franget?</strong></span> <span class='ocrx_word' id='word_1_209' title='bbox 641 2589 697 2653; x_wconf 89' lang='lat' dir='ltr'><strong>sed</strong></span> <span class='ocrx_word' id='word_1_210' title='bbox 722 2588 918 2672; x_wconf 85' lang='lat' dir='ltr'><strong>proditorem,</strong></span> <span class='ocrx_word' id='word_1_211' title='bbox 938 2587 1063 2654; x_wconf 84' lang='lat' dir='ltr'><strong>transfu·</strong></span> 
     </span>
     <span class='ocr_line' id='line_1_28' title="bbox 118 2672 1063 2817; baseline 0.001 -77"><span class='ocrx_word' id='word_1_212' title='bbox 118 2697 201 2770; x_wconf 72' lang='lat' dir='ltr'><strong>gam,</strong></span> <span class='ocrx_word' id='word_1_213' title='bbox 232 2674 501 2817; x_wconf 52' lang='lat' dir='ltr'><strong>ppaevarieatorem</strong></span> <span class='ocrx_word' id='word_1_214' title='bbox 531 2672 708 2738; x_wconf 86' lang='lat' dir='ltr'><strong>donabimus</strong></span> <span class='ocrx_word' id='word_1_215' title='bbox 737 2674 864 2739; x_wconf 85' lang='lat' dir='ltr'><strong>oratoris</strong></span> <span class='ocrx_word' id='word_1_216' title='bbox 892 2674 944 2738; x_wconf 92' lang='lat' dir='ltr'><strong>illo</strong></span> <span class='ocrx_word' id='word_1_217' title='bbox 974 2697 1063 2740; x_wconf 90' lang='lat' dir='ltr'><strong>sacro</strong></span> 
     </span>
     <span class='ocr_line' id='line_1_29' title="bbox 118 2779 240 2824; baseline -0.033 0"><span class='ocrx_word' id='word_1_218' title='bbox 118 2779 240 2824; x_wconf 88' lang='lat' dir='ltr'><strong>nomme</strong></span> 
     </span>
     <span class='ocr_line' id='line_1_30' title="bbox 146 2841 1062 2929; baseline 0.009 -24"><span class='ocrx_word' id='word_1_219' title='bbox 146 2841 260 2915; x_wconf 77' lang='lat' dir='ltr'><strong>&#39;Quod</strong></span> <span class='ocrx_word' id='word_1_220' title='bbox 278 2842 303 2909; x_wconf 85' lang='lat' dir='ltr'><strong>si</strong></span> <span class='ocrx_word' id='word_1_221' title='bbox 326 2843 527 2910; x_wconf 88' lang='lat' dir='ltr'><strong>mediocribus</strong></span> <span class='ocrx_word' id='word_1_222' title='bbox 543 2845 635 2910; x_wconf 87' lang='lat' dir='ltr'><strong>etiam</strong></span> <span class='ocrx_word' id='word_1_223' title='bbox 656 2845 788 2929; x_wconf 88' lang='lat' dir='ltr'><strong>patronis</strong></span> <span class='ocrx_word' id='word_1_224' title='bbox 811 2847 953 2913; x_wconf 83' lang='lat' dir='ltr'><strong>convenit</strong></span> <span class='ocrx_word' id='word_1_225' title='bbox 972 2848 1062 2925; x_wconf 82' lang='lat' dir='ltr'><strong>haec,</strong></span> 
     </span>
     <span class='ocr_line' id='line_1_31' title="bbox 83 2928 1064 3078; baseline 0.004 -86"><span class='ocrx_word' id='word_1_226' title='bbox 83 2951 198 3014; x_wconf 70' lang='lat' dir='ltr'><strong>acquae</strong></span> <span class='ocrx_word' id='word_1_227' title='bbox 224 2929 313 3078; x_wconf 58' lang='lat' dir='ltr'><strong>vulpe</strong></span> <span class='ocrx_word' id='word_1_228' title='bbox 340 2928 458 3008; x_wconf 88' lang='lat' dir='ltr'><strong>dicitur,</strong></span> <span class='ocrx_word' id='word_1_229' title='bbox 474 2931 614 2996; x_wconf 86' lang='lat' dir='ltr'><strong>bonitas:</strong></span> <span class='ocrx_word' id='word_1_230' title='bbox 637 2952 692 2994; x_wconf 88' lang='lat' dir='ltr'><strong>cnr</strong></span> <span class='ocrx_word' id='word_1_231' title='bbox 720 2953 780 2996; x_wconf 89' lang='lat' dir='ltr'><strong>non</strong></span> <span class='ocrx_word' id='word_1_232' title='bbox 809 2947 910 2995; x_wconf 94' lang='lat' dir='ltr'><strong>orator</strong></span> <span class='ocrx_word' id='word_1_233' title='bbox 934 2933 997 3008; x_wconf 89' lang='lat' dir='ltr'><strong>ille,</strong></span> <span class='ocrx_word' id='word_1_234' title='bbox 1013 2933 1064 3014; x_wconf 87' lang='lat' dir='ltr'><strong>qui</strong></span> 
     </span>
     <span class='ocr_line' id='line_1_32' title="bbox 118 3014 1064 3096; baseline -0.002 -18"><span class='ocrx_word' id='word_1_235' title='bbox 118 3015 252 3078; x_wconf 89' lang='lat' dir='ltr'><strong>nondum</strong></span> <span class='ocrx_word' id='word_1_236' title='bbox 288 3014 342 3091; x_wconf 92' lang='lat' dir='ltr'><strong>uit,</strong></span> <span class='ocrx_word' id='word_1_237' title='bbox 358 3015 414 3078; x_wconf 89' lang='lat' dir='ltr'><strong>sed</strong></span> <span class='ocrx_word' id='word_1_238' title='bbox 441 3028 542 3096; x_wconf 87' lang='lat' dir='ltr'><strong>potest</strong></span> <span class='ocrx_word' id='word_1_239' title='bbox 563 3037 644 3087; x_wconf 88' lang='lat' dir='ltr'><strong>esse,</strong></span> <span class='ocrx_word' id='word_1_240' title='bbox 663 3029 723 3076; x_wconf 88' lang='lat' dir='ltr'><strong>tam</strong></span> <span class='ocrx_word' id='word_1_241' title='bbox 748 3014 788 3074; x_wconf 89' lang='lat' dir='ltr'><strong>sit</strong></span> <span class='ocrx_word' id='word_1_242' title='bbox 811 3014 957 3089; x_wconf 87' lang='lat' dir='ltr'><strong>moribus,</strong></span> <span class='ocrx_word' id='word_1_243' title='bbox 975 3035 1064 3095; x_wconf 88' lang='lat' dir='ltr'><strong>quam</strong></span> 
     </span>
     <span class='ocr_line' id='line_1_33' title="bbox 119 3095 1064 3182; baseline -0.004 -20"><span class='ocrx_word' id='word_1_244' title='bbox 119 3098 241 3162; x_wconf 89' lang='lat' dir='ltr'><strong>dicendi</strong></span> <span class='ocrx_word' id='word_1_245' title='bbox 264 3098 371 3161; x_wconf 89' lang='lat' dir='ltr'><strong>virtute</strong></span> <span class='ocrx_word' id='word_1_246' title='bbox 393 3097 573 3182; x_wconf 84' lang='lat' dir='ltr'><strong>perlectus?</strong></span> <span class='ocrx_word' id='word_1_247' title='bbox 618 3097 691 3162; x_wconf 91' lang='lat' dir='ltr'><strong>Non</strong></span> <span class='ocrx_word' id='word_1_248' title='bbox 708 3097 789 3160; x_wconf 88' lang='lat' dir='ltr'><strong>enim</strong></span> <span class='ocrx_word' id='word_1_249' title='bbox 807 3095 959 3160; x_wconf 80' lang='lat' dir='ltr'><strong>forensem</strong></span> <span class='ocrx_word' id='word_1_250' title='bbox 974 3118 1064 3180; x_wconf 84' lang='lat' dir='ltr'><strong>quan·</strong></span> 
     </span>
     <span class='ocr_line' id='line_1_34' title="bbox 119 3181 1062 3266; baseline -0.002 -20"><span class='ocrx_word' id='word_1_251' title='bbox 119 3185 192 3246; x_wconf 79' lang='lat' dir='ltr'><strong>dnm</strong></span> <span class='ocrx_word' id='word_1_252' title='bbox 206 3182 381 3248; x_wconf 86' lang='lat' dir='ltr'><strong>instituimus</strong></span> <span class='ocrx_word' id='word_1_253' title='bbox 397 3204 532 3266; x_wconf 91' lang='lat' dir='ltr'><strong>operam,</strong></span> <span class='ocrx_word' id='word_1_254' title='bbox 548 3204 606 3246; x_wconf 88' lang='lat' dir='ltr'><strong>nec</strong></span> <span class='ocrx_word' id='word_1_255' title='bbox 625 3181 840 3247; x_wconf 85' lang='lat' dir='ltr'><strong>mercenariam</strong></span> <span class='ocrx_word' id='word_1_256' title='bbox 854 3201 975 3259; x_wconf 87' lang='lat' dir='ltr'><strong>vocem,</strong></span> <span class='ocrx_word' id='word_1_257' title='bbox 992 3203 1062 3258; x_wconf 89' lang='lat' dir='ltr'><strong>nec,</strong></span> 
     </span>
     <span class='ocr_line' id='line_1_35' title="bbox 119 3267 1063 3352; baseline -0.002 -18"><span class='ocrx_word' id='word_1_258' title='bbox 119 3281 153 3334; x_wconf 85' lang='lat' dir='ltr'><strong>ut</strong></span> <span class='ocrx_word' id='word_1_259' title='bbox 172 3267 372 3351; x_wconf 82' lang='lat' dir='ltr'><strong>asperioribus</strong></span> <span class='ocrx_word' id='word_1_260' title='bbox 392 3268 491 3332; x_wconf 86' lang='lat' dir='ltr'><strong>verbis</strong></span> <span class='ocrx_word' id='word_1_261' title='bbox 515 3289 686 3352; x_wconf 85' lang='lat' dir='ltr'><strong>parcamus,</strong></span> <span class='ocrx_word' id='word_1_262' title='bbox 702 3289 763 3330; x_wconf 90' lang='lat' dir='ltr'><strong>non</strong></span> <span class='ocrx_word' id='word_1_263' title='bbox 782 3267 915 3332; x_wconf 89' lang='lat' dir='ltr'><strong>inutilem</strong></span> <span class='ocrx_word' id='word_1_264' title='bbox 935 3289 1008 3332; x_wconf 88' lang='lat' dir='ltr'><strong>sane</strong></span> <span class='ocrx_word' id='word_1_265' title='bbox 1028 3267 1063 3332; x_wconf 89' lang='lat' dir='ltr'><strong>ti-</strong></span> 
     </span>
     <span class='ocr_line' id='line_1_36' title="bbox 28 3353 1063 3439; baseline 0.003 -23"><span class='ocrx_word' id='word_1_266' title='bbox 28 3401 32 3406; x_wconf 82' lang='grc'><em>.</em></span> <span class='ocrx_word' id='word_1_267' title='bbox 87 3353 195 3420; x_wconf 82' lang='lat' dir='ltr'><strong>artium</strong></span> <span class='ocrx_word' id='word_1_268' title='bbox 217 3353 408 3432; x_wconf 83' lang='lat' dir='ltr'><strong>advocatum,</strong></span> <span class='ocrx_word' id='word_1_269' title='bbox 425 3374 514 3437; x_wconf 84' lang='lat' dir='ltr'><strong>quern</strong></span> <span class='ocrx_word' id='word_1_270' title='bbox 538 3354 669 3438; x_wconf 89' lang='lat' dir='ltr'><strong>denique</strong></span> <span class='ocrx_word' id='word_1_271' title='bbox 689 3353 875 3418; x_wconf 85' lang='lat' dir='ltr'><strong>causidicum</strong></span> <span class='ocrx_word' id='word_1_272' title='bbox 898 3354 986 3439; x_wconf 81' lang='lat' dir='ltr'><strong>vulgo</strong></span> <span class='ocrx_word' id='word_1_273' title='bbox 1009 3376 1063 3419; x_wconf 84' lang='lat' dir='ltr'><strong>ro-</strong></span> 
     </span>
     <span class='ocr_line' id='line_1_37' title="bbox 121 3439 1064 3523; baseline -0.001 -18"><span class='ocrx_word' id='word_1_274' title='bbox 121 3454 217 3515; x_wconf 87' lang='lat' dir='ltr'><strong>oant;</strong></span> <span class='ocrx_word' id='word_1_275' title='bbox 239 3440 293 3504; x_wconf 87' lang='lat' dir='ltr'><strong>sed</strong></span> <span class='ocrx_word' id='word_1_276' title='bbox 308 3441 417 3518; x_wconf 89' lang='lat' dir='ltr'><strong>virum,</strong></span> <span class='ocrx_word' id='word_1_277' title='bbox 434 3461 505 3504; x_wconf 86' lang='lat' dir='ltr'><strong>oum</strong></span> <span class='ocrx_word' id='word_1_278' title='bbox 522 3439 631 3523; x_wconf 81' lang='lat' dir='ltr'><strong>ingenii</strong></span> <span class='ocrx_word' id='word_1_279' title='bbox 650 3453 755 3502; x_wconf 85' lang='lat' dir='ltr'><strong>natura</strong></span> <span class='ocrx_word' id='word_1_280' title='bbox 774 3454 986 3523; x_wconf 87' lang='lat' dir='ltr'><strong>praestantem,</strong></span> <span class='ocrx_word' id='word_1_281' title='bbox 1002 3456 1064 3504; x_wconf 87' lang='lat' dir='ltr'><strong>tum</strong></span> 
     </span>
     <span class='ocr_line' id='line_1_38' title="bbox 121 3524 1064 3610; baseline 0 -22"><span class='ocrx_word' id='word_1_282' title='bbox 121 3545 196 3590; x_wconf 85' lang='lat' dir='ltr'><strong>roro</strong></span> <span class='ocrx_word' id='word_1_283' title='bbox 209 3539 252 3589; x_wconf 90' lang='lat' dir='ltr'><strong>tot</strong></span> <span class='ocrx_word' id='word_1_284' title='bbox 267 3525 483 3609; x_wconf 89' lang='lat' dir='ltr'><strong>pulcherrimas</strong></span> <span class='ocrx_word' id='word_1_285' title='bbox 504 3540 582 3589; x_wconf 89' lang='lat' dir='ltr'><strong>artes</strong></span> <span class='ocrx_word' id='word_1_286' title='bbox 604 3524 721 3610; x_wconf 88' lang='lat' dir='ltr'><strong>penitus</strong></span> <span class='ocrx_word' id='word_1_287' title='bbox 741 3541 843 3590; x_wconf 91' lang='lat' dir='ltr'><strong>mente</strong></span> <span class='ocrx_word' id='word_1_288' title='bbox 857 3526 1064 3608; x_wconf 83' lang='lat' dir='ltr'><strong>complexum,</strong></span> 
     </span>
     <span class='ocr_line' id='line_1_39' title="bbox 122 3608 1064 3696; baseline -0.003 -22"><span class='ocrx_word' id='word_1_289' title='bbox 122 3608 223 3674; x_wconf 78' lang='lat' dir='ltr'><strong>rtrum</strong></span> <span class='ocrx_word' id='word_1_290' title='bbox 238 3611 358 3676; x_wconf 86' lang='lat' dir='ltr'><strong>tandem</strong></span> <span class='ocrx_word' id='word_1_291' title='bbox 373 3612 461 3676; x_wconf 87' lang='lat' dir='ltr'><strong>rebus</strong></span> <span class='ocrx_word' id='word_1_292' title='bbox 476 3611 624 3689; x_wconf 86' lang='lat' dir='ltr'><strong>humanis,</strong></span> <span class='ocrx_word' id='word_1_293' title='bbox 636 3611 756 3696; x_wconf 79' lang='lat' dir='ltr'><strong>qmlem</strong></span> <span class='ocrx_word' id='word_1_294' title='bbox 769 3613 850 3677; x_wconf 88' lang='lat' dir='ltr'><strong>nulla</strong></span> <span class='ocrx_word' id='word_1_295' title='bbox 864 3625 951 3676; x_wconf 86' lang='lat' dir='ltr'><strong>antea</strong></span> <span class='ocrx_word' id='word_1_296' title='bbox 964 3622 1064 3672; x_wconf 81' lang='lat' dir='ltr'><strong>retus·</strong></span> 
     </span>
    </p>
   </div>
   <div class='ocr_carea' id='block_1_5' title="bbox 0 0 1234 4200">
    <p class='ocr_par' dir='ltr' id='par_1_5' title="bbox 0 0 1234 4200">
     <span class='ocr_line' id='line_1_40' title="bbox 0 0 1234 4200; baseline 0 0"><span class='ocrx_word' id='word_1_297' title='bbox 0 0 1234 4200; x_wconf 95' lang='lat' dir='ltr'><strong> </strong></span> 
     </span>
    </p>
   </div>
  </div>
 </body>
</html>
