2459 4200
178 284 239 349 18⁰
464 296 502 344 u·
521 296 616 349 saort
635 294 858 350 catarrum

175 448 308 537 protinus
337 447 480 518 sumsisse
502 448 679 515 videamurz
708 446 789 532 quod
814 459 846 511 et
867 445 978 515 oratori
1000 460 1032 512 et
1061 446 1120 530 ipsi

175 554 284 608 causae
307 533 465 632 plurimum
487 533 613 601 confert.
660 532 741 598 Naro
762 546 794 597 et
817 532 911 615 magis
937 531 1071 610 miratur,
1089 547 1121 596 et

174 618 270 688 minus
294 633 379 689 umet
397 620 504 704 judex,
522 640 599 702 quae
621 640 681 685 non
704 633 787 703 putat
808 618 951 684 adversus
974 638 1009 685 se
1031 639 1121 701 prae·

175 719 287 791 parata..
328 704 435 789 Itaque
450 704 659 771 unctionibus
674 704 749 769 inter
763 703 926 787 praecipua
939 704 1122 769 servandum

176 804 235 871 est,
251 804 282 855 ut
297 790 443 875 quaedam
459 790 560 867 etiam,
577 812 655 874 quae
669 790 783 873 optime
796 788 958 865 vinximus,
974 789 1057 854 velut
1070 809 1144 854 ses-s

175 876 236 946 lun
258 877 464 957 enunciamus,
482 889 513 939 et
535 875 732 959 cogitantibus
755 894 965 958 nonnunquam
989 888 1020 939 et
1035 873 1122 941 dubi·

176 961 303 1027 tantibus
340 960 452 1027 similes
481 982 626 1045 quaerere
654 961 821 1036 videamur,
851 980 928 1042 quaa
957 958 1119 1026 attulimus.

176 1045 204 1109 E
240 1068 260 1107 o
275 1046 346 1130 quid
365 1046 403 1108 sit
418 1046 574 1131 optimum,
592 1046 741 1109 neminem
755 1044 838 1128 fugin

207 1068 258 1197 rdi
273 1152 347 1199 rero
367 1144 418 1197 aut
436 1131 581 1197 memoria
601 1145 703 1197 natura
718 1130 818 1199 durim
833 1129 900 1206 arit,
917 1142 969 1195 aut
984 1150 1046 1195 non
1059 1127 1122 1194 sul·

176 1214 335 1301 [ragabitur
351 1230 480 1301 tempus,
498 1216 588 1283 etiam
606 1216 707 1285 inutile
727 1216 784 1282 erit
802 1214 959 1282 adomnia
979 1236 1013 1281 sa
1028 1214 1158 1281 sarbara

176 1302 308 1386 alligare,
326 1323 396 1371 cum
413 1301 525 1367 oblivio
546 1303 631 1369 unius
651 1324 755 1370 eorum
770 1300 939 1385 cujuslibet,
956 1315 1008 1365 aut
1022 1298 1122 1367 delor-

177 1408 257 1459 mern
278 1388 519 1461 haesitationem,
536 1402 586 1452 aut
605 1388 694 1457 etiarn
716 1386 862 1452 silentium
884 1385 1029 1459 inducat3
1052 1385 1122 1451 tuti·

177 1492 271 1556 usque
284 1473 388 1549 multo,
401 1473 626 1570 comprehensis
641 1473 739 1539 animo
754 1472 843 1538 rebus
858 1470 943 1555 ipsis,
952 1470 1125 1535 libertatem

177 1556 233 1623 eibi
249 1556 408 1638 eloquendi
430 1558 607 1638 rebnquere·
655 1556 735 1627 Nam
750 1571 781 1624 et
798 1557 907 1625 inritus
928 1555 1025 1639 perdit
1038 1555 1123 1639 quis·

197 1660 234 1703 ue
250 1640 292 1717 id,
305 1642 386 1723 quod
402 1640 542 1724 elegerat,
555 1642 678 1711 verbum
695 1663 703 1706 r
726 1663 784 1712 neo
796 1640 884 1705 lacile
895 1640 1014 1725 reponit
1027 1640 1122 1719 aliud,
1131 1658 1161 1697 1⁵

176 1660 249 1791 dum
267 1725 309 1803 id,
327 1727 408 1810 quod
428 1727 600 1811 scripserat,
618 1728 743 1810 quaerit.
792 1726 858 1792 Sed
873 1749 911 1790 ne
926 1726 983 1789 boc
998 1725 1125 1809 quidem

178 1811 310 1878 infirmae
337 1813 499 1879 memoriae
522 1814 688 1879 remedium
710 1827 769 1891 est,
783 1813 841 1877 nisi
867 1812 896 1876 in
923 1812 971 1888 iis,
986 1811 1037 1893 qui
1062 1812 1124 1875 sibi

178 1894 351 1966 facultatem
385 1899 514 1982 aliquam
544 1900 664 1965 dicendi
694 1921 733 1963 es
764 1914 901 1982 tempore
929 1911 1120 1981 paravernnt.

178 1981 272 2053 Quod
295 1982 320 2071 si
343 1983 392 2050 cui
413 1998 568 2066 utrumque
583 1984 722 2062 deluerit,
745 1984 814 2047 hnic
838 1982 977 2050 omittere
1001 1981 1123 2047 omnino

177 2077 273 2132 totum
288 2066 438 2130 actionum
458 2068 601 2146 laborem,
619 2090 669 2146 ec,
686 2069 797 2153 siquid
818 2069 847 2135 in
867 2068 958 2132 literis
974 2068 1065 2146 ualet,
1081 2068 1159 2132 adso
1205 2148 1212 2154 θ

177 2150 370 2215 scribendum
386 2153 483 2235 potius
499 2155 632 2218 suadebo
647 2171 834 2220 convertere.
883 2154 950 2223 Sed
964 2155 1041 2220 haec
1055 2174 1124 2219 rara

178 2235 336 2308 infelicitas
351 2239 416 2308 erit.

220 2323 367 2398 Ceterum
382 2339 522 2410 quantum
540 2341 644 2396 natura
664 2327 823 2410 studioque
844 2325 943 2392 valeat
962 2323 1121 2403 memoria,

178 2410 227 2478 vel
241 2410 465 2483 Themistocles
480 2413 575 2490 testis,
587 2433 677 2496 quem
692 2434 781 2476 unum
796 2412 871 2476 intra
885 2431 995 2478 aunum
1008 2409 1123 2493 optime

178 2495 312 2567 locutum
327 2518 394 2560 esse
407 2497 533 2560 Persice
546 2512 685 2566 constat:
708 2498 757 2565 vel
773 2496 976 2574 Mithridates,
986 2495 1035 2562 oui
1047 2496 1160 2561 duas&
1228 2564 1229 2567 ,

178 2595 209 2652 et
220 2581 321 2664 viginti
335 2581 460 2663 linguas,
472 2595 545 2662 quot
558 2582 726 2648 nationibus
741 2582 919 2665 imperabat,
929 2581 1053 2648 traditur
1066 2601 1127 2643 no-
1228 2580 1229 2589 ’

178 2678 222 2740 tas
237 2664 330 2731 fuisse
345 2685 353 2732 t
377 2665 426 2730 vel
441 2665 569 2730 Crassus
586 2666 636 2728 ille
650 2666 750 2744 diras,
760 2667 823 2749 qni,
839 2689 909 2730 curn
925 2666 1021 2730 Asiae
1035 2686 1124 2749 prae·

177 2761 270 2824 esset,
286 2747 415 2829 quinque
437 2748 551 2812 Graeci
574 2750 720 2820 sermonis
741 2752 923 2815 differentias
946 2753 990 2814 sic
1015 2750 1122 2830 tenuit,

177 2844 220 2908 ut,
238 2851 296 2914 qua
311 2830 435 2914 quisque
451 2834 531 2914 apud
546 2854 614 2898 euru
630 2833 728 2914 lingua
743 2834 934 2916 postulasset,
950 2836 1060 2900 eadem
1071 2835 1125 2920 jus

176 2915 232 2981 sibi
248 2915 397 2982 redditum
412 2916 503 2980 ferret
519 2939 526 2978 :
550 2917 600 2983 vel
614 2915 728 2999 Cyrus,
742 2939 831 3001 quem
847 2917 978 2982 omniurn
994 2919 1156 2990 militumsa

176 3003 308 3080 tenuisse
332 3003 479 3076 creditum
505 3017 552 3070 est
577 3003 708 3070 nomina.
765 3002 851 3074 Quin
879 3003 974 3068 semel
999 3005 1122 3074 auditos

198 3091 341 3176 uanrlibat
375 3091 482 3166 multos
511 3111 618 3159 versus
653 3089 789 3174 protinus
816 3089 925 3154 dicitur
952 3089 1122 3156 reddidisse

177 3111 388 3244 lbeodectes.
436 3176 626 3246 Dicebantur·
650 3175 740 3240 etiam
769 3197 847 3240 nunc
870 3197 950 3254 esee,
968 3176 1018 3259 qni
1037 3175 1120 3242 saue

177 3274 254 3338 tent,
271 3263 326 3326 sed
353 3263 425 3326 mibi
448 3283 609 3346 nunquam,
626 3276 659 3325 ut
680 3261 746 3346 ipse
767 3262 955 3338 interessem,
972 3261 1118 3344 contigit:

176 3342 314 3411 habenda
329 3359 428 3411 umen
447 3347 522 3413 fides
544 3362 589 3414 est
608 3348 657 3414 vel
679 3347 709 3412 in
729 3349 802 3427 hoo,
818 3362 863 3426 ut,
879 3346 929 3432 qui
945 3344 1155 3425 crediderit,as

177 3441 208 3501 st
223 3442 336 3512 speret,
386 3430 527 3511 [XI,2.]
601 3433 606 3440 ’
1226 3438 1227 3443 ’
