2459 4200
164 284 224 345 ttt
448 296 486 341 u.
507 295 602 339 rrsu
620 293 844 347 oorurrartnr

160 464 217 513 tur·
264 446 306 511 Et
320 446 387 509 illos
407 446 528 529 quidem
553 466 610 509 non
634 445 757 521 invenit,
775 443 866 508 fuisse
887 460 987 509 umen
1004 461 1109 529 gratos

160 552 229 615 erge
244 554 277 595 se
293 532 368 595 deos
383 532 467 595 exitu
482 531 640 614 comperit.
687 530 764 593 Nam
780 530 830 593 vix
845 552 884 593 eo
897 530 988 595 limes
1002 554 1105 614 egres·

160 638 207 695 se,
217 617 376 681 triclinium
391 617 461 680 iilud
477 638 564 699 supra
580 616 726 679 convivas
739 616 861 692 cormit,
871 630 961 699 atque
975 618 1015 679 ita
1029 637 1104 681 con·

160 700 246 779 t'udit,
259 717 290 765 ut
304 724 364 765 non
379 724 431 765 ora
447 703 538 765 modo
555 721 780 785 oppressorum,
792 702 846 763 sed
859 703 996 765 ‘membra
1011 703 1105 765 etiam

160 788 261 851 omnia
283 788 465 871 requirentes
488 788 526 850 ad
553 787 735 869 sepulturam
757 787 913 869 propinqui
938 786 1018 850 nulla
1035 801 1128 851 notas

161 888 285 957 possent
311 874 491 937 discernere.
541 871 625 934 Tum
656 870 830 935 Simonides
852 872 961 935 dicitur
990 894 1107 936 memor

161 958 339 1041 ordineque
354 958 479 1041 quisque
494 958 686 1021 discubuerat
699 978 830 1039 corpora
847 956 908 1019 suis
923 958 1101 1021 reddidisse.

204 1042 264 1106 Est
279 1057 378 1105 autem
400 1064 505 1125 magna
522 1042 596 1105 inter
612 1056 751 1104 atrctores
766 1042 926 1117 dissensio,
943 1041 1105 1107 Glaucone

161 1126 314 1210 Carystio,
326 1149 362 1190 an
379 1127 535 1204 Leocrati,
546 1148 581 1189 au
600 1126 806 1209 Agatharcho,
816 1149 855 1189 an
871 1126 995 1210 Scopae
1008 1128 1106 1211 scrip-

162 1226 223 1275 turn
244 1214 282 1275 sit
303 1214 332 1275 id
356 1232 499 1275 carmen:
524 1226 555 1275 et
578 1211 714 1275 Pharsali
737 1210 824 1274 suerit
846 1212 921 1273 haec
937 1213 1057 1289 domus,
1075 1227 1141 1277 utro

162 1298 227 1445 ipse
242 1299 372 1383 quodam
394 1300 465 1361 loco
488 1298 654 1380 significare
678 1296 851 1361 Simonides
870 1297 999 1374 videtur,
1011 1313 1105 1381 ‘atque

198 1384 369 1466 pollodorus
393 1398 424 1446 st
447 1382 663 1445 Eratosthenes
686 1396 717 1443 et
741 1380 919 1465 Euphorion
944 1398 975 1445 et
1000 1382 1106 1446 Laris·

162 1488 249 1529 saeue
267 1467 439 1550 Eurypylus
462 1468 669 1541 tradiderunt;
691 1488 730 1528 au
751 1466 906 1542 Cranone,
923 1481 956 1529 ut
973 1466 1104 1550 Apollas

161 1549 377 1624 Callimachus,
395 1572 483 1633 quem
507 1565 628 1613 secutus
651 1550 766 1613 Cicero
787 1552 863 1613 hanc
886 1550 995 1614 samam
1016 1552 1105 1615 latius

161 1632 245 1697 t'udit.
296 1636 431 1718 Scopam
447 1636 577 1697 nobilem
595 1635 777 1697 Thessalum
792 1636 917 1719 periisse
932 1635 961 1699 iu
976 1658 1017 1699 eo
1029 1658 1140 1701 con-rs

161 1719 241 1782 rivio
264 1734 404 1783 constat:
429 1719 567 1805 adjicitur
590 1720 700 1783 sororis
722 1721 824 1783 filius:
848 1735 952 1803 putant
969 1736 1000 1785 et
1018 1736 1104 1785 onos

161 1806 321 1891 plerosque
336 1807 373 1869 ah
384 1806 441 1868 alio
457 1806 572 1889 Scopa,
585 1806 634 1888 'qui
651 1804 746 1889 major
760 1820 857 1869 aetate
869 1805 966 1871 suerit.
997 1806 1104 1876 Quan-

160 1912 251 1974 quam
267 1892 337 1953 mihi
354 1906 447 1955 totum
460 1892 497 1953 de
513 1892 696 1973 Tyndaridis
711 1890 877 1953 fabulosum
888 1892 1031 1955 videtur:
1051 1914 1104 1955 ne·

183 1996 224 2046 ur,
235 1976 356 2036 ornaino
372 1976 457 2058 hujus
473 1976 515 2037 rei
537 1976 670 2037 meminit
685 1996 810 2059 usquam
829 1980 920 2059 poe'ta
940 1977 1016 2061 ipse,
1034 2000 1105 2060 pro·
1223 2027 1225 2042 .

212 2071 242 2120 to
258 2080 318 2121 non
334 2059 475 2124 taciturus
492 2060 530 2122 de
546 2075 625 2124 tanta
640 2082 693 2124 sua
708 2060 812 2143 gloria.
1108 2083 1140 2124 aa
1223 2061 1224 2080 l

205 2143 258 2206 Ex
273 2145 332 2208 hoc
350 2144 514 2210 Simonidis
532 2143 611 2208 sacto
633 2159 765 2208 notatum
781 2147 910 2224 videtur,
921 2147 1020 2230 juvari
1040 2171 1103 2211 me·

162 2230 286 2294 moriam
302 2231 421 2314 signatis
438 2231 535 2294 animo
557 2231 689 2309 sedibus,
707 2231 797 2315 idque
813 2233 938 2296 credere
953 2255 1009 2296 suo
1023 2234 1104 2317 quis·

160 2337 220 2400 qne
236 2319 453 2401 experimento.
501 2317 580 2382 Nam
600 2340 670 2380 cum
690 2318 718 2379 in
739 2318 808 2380 loca
827 2317 925 2400 aliqua
943 2333 1014 2400 post
1026 2333 1103 2381 tem·

161 2423 216 2485 pus
244 2403 356 2466 reversi
384 2425 496 2479 sumus,
518 2425 577 2466 nou
604 2403 669 2484 ipsa
692 2402 881 2484 agnoscimus
907 2418 1030 2480 tantum,
1047 2404 1104 2466 sed

161 2486 265 2561 etiam,
280 2509 356 2570 quae
383 2487 412 2547 iu
438 2487 481 2548 his
501 2485 676 2563 fecerimus,
693 2480 922 2565 reminiscimur,
942 2505 1138 2570 personae-2⁵

161 2591 220 2653 que
236 2572 371 2644 subeunt,
384 2591 592 2652 nonnunquam
606 2571 716 2632 tacitae
727 2591 846 2654 quoque
861 2573 1058 2654 cogitationes
1074 2574 1106 2636 in

160 2667 291 2714 mentem
306 2665 500 2714 revertuntur.
548 2653 627 2716 Nata
649 2669 695 2715 est
717 2655 815 2736 igitur,
834 2671 864 2717 ut
886 2657 916 2720 iu
939 2659 1107 2741 plerisque,

160 2755 208 2798 ars
223 2736 262 2795 ab
276 2735 492 2816 experimento.
1093 2749 1096 2754 ·

203 2816 291 2880 Losa
307 2818 423 2879 discunt
438 2839 527 2900 quam
547 2819 676 2882 unanime
691 2822 834 2902 spatiosa,
851 2824 942 2885 multa
958 2827 1105 2892 variante

160 2903 283 2985 Quam,
301 2902 424 2965 domum
446 2901 522 2966 sorte
546 2924 694 2985 magnam,
712 2919 743 2966 et
764 2905 794 2966 in
815 2906 923 2968 multos
946 2907 1138 2976 diductam»

159 3009 307 3052 recessus.
357 2986 393 3051 In
409 3011 444 3052 ea
459 2988 599 3073 quicquid
614 2990 746 3052 uotahile
761 3004 818 3067 est,
831 2991 930 3054 animo
946 2992 1103 3076 diligenter

125 3113 129 3118 -
159 3075 295 3158 affigitur,
313 3087 344 3138 ut
359 3075 422 3138 siue
438 3075 628 3138 cunctatione
649 3097 685 3138 ao
704 3097 787 3138 mora
804 3091 904 3159 partes
917 3075 981 3161 ejus
996 3099 1102 3146 omnes

160 3160 300 3242 cogitatio
323 3162 418 3243 possit
440 3182 625 3244 percurrere.
673 3159 716 3223 Et
738 3162 850 3244 primus
871 3163 919 3226 hic
940 3164 1026 3226 labor
1040 3181 1099 3244 est,

160 3263 218 3304 nna
233 3245 356 3306 haerere
372 3246 402 3306 in
422 3267 561 3308 occursu.
608 3246 684 3309 Pius
706 3248 785 3308 enim
800 3268 891 3330 quam
909 3249 994 3312 firma
1008 3251 1102 3314 dehet
1216 3328 1217 3331 Ἴ

159 3345 230 3388 esse
243 3329 399 3403 memoria,
417 3349 492 3411 quae
508 3331 595 3394 aliam
611 3332 785 3394 memoriam
800 3332 931 3416 adjuvet.
1105 3355 1134 3396 ss
1216 3334 1217 3337 ’

204 3408 286 3471 Tum
301 3431 376 3492 quae
392 3413 573 3495 scripserunt
588 3416 636 3478 rel
651 3417 832 3499 cogitatione
848 3419 1099 3501 complectuntur,

159 3508 190 3558 et
205 3494 303 3578 Quo
323 3494 419 3578 signo,
436 3517 495 3588 quo
518 3516 704 3579 moneantur,
720 3516 844 3564 notant:
867 3504 948 3584 quod
967 3505 1099 3568 masarei

159 3600 200 3644 ex
224 3601 258 3644 re
283 3593 345 3643 tota
370 3595 482 3665 potest,
498 3597 530 3645 ut
552 3583 590 3646 de
616 3586 814 3668 navigatione,
831 3587 961 3665 militia,
981 3591 1031 3652 vol
1056 3611 1099 3654 ax

1213 3742 1216 3865 t

1207 4078 1213 4163 ,
