2459 4200
361 227 514 274 sennenn
531 227 682 284 annm
697 229 834 276 curru.
1038 218 1081 280 Ut

135 393 167 444 et
181 377 287 443 similia
303 399 311 440 r
335 397 414 464 quae
428 401 489 444 nou
503 381 614 448 debent
628 380 751 466 quidem
765 382 874 448 deesse
884 382 1024 460 οηιίοιιί,
1038 397 1083 464 et,

133 466 302 543 sidesuut,
320 465 445 528 multum
466 481 599 532 nocente
628 487 689 531 non
718 481 817 532 tamen
846 467 984 533 mbeuda
1013 483 1082 534 sunt

133 551 209 614 inter
230 572 339 635 magna
361 551 521 634 praesidia,
546 573 615 616 cum
636 553 696 617 hoc
718 553 749 616 in
772 553 881 618 eadem
903 575 996 619 causa
1016 554 1082 620 fiori

134 657 175 702 ex
189 651 313 720 utraque
329 650 415 720 parto
430 637 564 702 similiter
577 638 683 723 possit.
720 637 795 702 lllee
809 639 956 703 firmiores
972 661 1012 704 cx
1025 661 1082 706 sue

101 741 114 781 5
135 723 282 808 cujusque
296 741 427 806 persona
442 723 645 808 probationes,
658 743 735 809 quae
747 719 924 790 credibilem
935 724 1083 790 rationem

134 807 302 892 subjectam
319 808 451 872 habent:
475 822 507 873 ut
520 810 708 888 vnlneratus,
725 819 779 873 eut
793 809 866 895 filio
881 811 1005 874 orbetur
1019 831 1081 876 non

133 891 238 976 suerit
252 895 352 956 aliurn
366 904 577 974 nectuntur-nr,
595 916 686 979 qnam
701 907 855 960 nocentem
868 919 880 974 ,·
903 898 1037 981 prendo,
1053 898 1081 962 ai

132 979 290 1062 negotium
300 978 457 1042 innocenti
464 977 558 1062 serit,
574 982 680 1046 liberet
694 1003 761 1046 eum
775 1003 868 1060 noso,
881 984 935 1066 qui
950 983 1081 1046 atmoe·
1180 1037 1186 1049 .

132 1066 186 1127 rit.
235 1063 320 1128 Hinc
336 1077 366 1128 ot
381 1079 482 1148 patrea
500 1068 644 1132 adversus
659 1067 783 1145 liberos,
800 1081 832 1132 et
849 1070 993 1134 adversus
1008 1091 1080 1134 snos

16 1207 17 1210 ,
101 1149 264 1235 raquisqua
277 1151 464 1216 necessarios
480 1153 688 1217 auctoritatem
703 1166 819 1236 petunt.

182 1234 361 1306 Quaesitum
385 1237 488 1315 etiam,
514 1238 720 1320 potentissima
743 1252 916 1320 argumenta
945 1233 1082 1321 primone

133 1320 277 1421 ponenda
292 1320 348 1384 sint
363 1321 445 1400 loco,
462 1337 494 1385 ut
512 1337 665 1407 occupent
684 1321 828 1386 animos?
851 1343 889 1385 an
903 1343 1032 1400 summo,
1050 1337 1082 1389 ot

133 1407 202 1470 rude
226 1405 400 1470 dimittant?
423 1427 459 1471 an
480 1408 589 1507 partita
611 1409 709 1493 primo
731 1427 933 1556 summopuu
955 1423 987 1472 ut
1009 1408 1079 1474 Ho-

133 1493 245 1555 merica
260 1492 457 1578 dispositione
480 1515 510 1561 ιιι
531 1494 632 1558 medio
654 1495 713 1558 siut
734 1493 849 1558 infirma
896 1517 935 1558 au
953 1516 973 1558 ι
993 1495 1080 1560 ruini·

99 1577 189 1641 ramis
205 1578 369 1642 crescant?
407 1579 509 1659 Quae,
526 1595 614 1664 prout
634 1581 710 1644 ratio
724 1601 832 1645 careae
848 1579 993 1665 cujusque
1008 1603 1079 1665 pos·

132 1663 246 1742 tulabit,
264 1663 488 1744 ordiuabnntur,
505 1687 563 1730 uno
588 1665 634 1750 (ut
652 1688 710 1750 ego
735 1667 861 1749 censeo)
880 1681 1025 1748 excepto,
1042 1686 1080 1728 ne

132 1769 153 1812 e
164 1750 378 1833 potentissimis
390 1751 431 1814 ed
447 1749 596 1815 levissimo
608 1753 760 1816 decmscct
773 1752 884 1814 oratio.
927 1749 987 1830 [V.
1008 1751 1077 1830 la]

517 1937 706 1952 Μ

482 2051 624 2119 CAPUT
642 2051 733 2117 xm.

132 2238 174 2279 DE
189 2232 333 2280 FORTUNA
349 2240 405 2280 SUA
419 2234 457 2279 OB
473 2235 601 2279 Anttssos
618 2234 746 2277 LIBEROS
757 2230 796 2275 ET
807 2231 974 2275 CONJUGRM
984 2234 1082 2284 QUER·

16 2332 18 2453 ᾗ
575 2311 660 2354 1TUR.

176 2456 294 2540 Hunc,
312 2456 461 2526 Marcelle
483 2456 618 2539 Victori,
635 2480 676 2523 ex
698 2471 749 2523 tua
770 2451 924 2522 eduntote
945 2457 1080 2523 maxime

131 2550 294 2633 ingressus,
312 2562 374 2611 tum
392 2550 417 2611 si
436 2568 493 2631 qna
514 2568 554 2611 ex
575 2546 663 2610 nobis
683 2546 723 2609 ad
742 2544 870 2631 juvenes
892 2545 989 2609 bonos
1008 2564 1079 2646 per·

16 2706 17 2709 ,
97 2631 234 2701 cnvenire
251 2646 354 2718 posset
369 2634 490 2711 utilitas,
503 2631 667 2697 novissime
682 2650 778 2716 poene
794 2632 882 2695 etiarn
898 2647 1080 2697 necessrtate

131 2720 262 2805 quadum
282 2718 375 2783 officii
392 2718 519 2803 delegati
539 2718 623 2796 mihi,
641 2719 746 2781 sedulo
768 2716 963 2796 laborabam3
985 2718 1080 2803 respi-

131 2806 215 2869 ciens
231 2818 332 2869 tamen
348 2804 428 2868 illam
443 2828 544 2869 curam
559 2824 646 2868 meae
657 2803 829 2891 voluptatis,
840 2804 890 2889 qui
906 2804 979 2881 filio,
994 2804 1080 2889 cnjus

132 2887 269 2955 eminens
283 2891 432 2975 ingenium
448 2890 595 2955 solicitam
611 2910 732 2975 quoque
753 2890 883 2973 parentis
900 2889 1081 2971 diligentiam

132 2977 314 3055 merebatur,
332 2977 409 3040 hanc
432 2978 575 3061 optimam
597 2991 712 3061 partem
735 2975 891 3036 relicturus
909 2972 1081 3033 hereditatis

97 3058 273 3138 sevidebar,
288 3076 331 3139 ut,
350 3061 376 3125 si
398 3082 459 3141 ms,
476 3064 557 3147 quod
580 3080 709 3142 aequum
731 3069 761 3118 et
784 3056 916 3137 optabile
938 3053 1004 3130 fuit,
1021 3051 1082 3116 sate

133 3144 376 3229 intercepissent,
392 3163 592 3233 praeceptore
615 3158 716 3206 temen
738 3152 822 3225 petre
846 3148 987 3201 uteretur.
1036 3136 1082 3205 At

134 3252 184 3296 me
200 3226 317 3295 fortuna
332 3229 362 3297 id
377 3249 514 3317 agentem
531 3230 636 3295 diebus
657 3248 694 3291 ac
711 3223 861 3304 noctibus,
878 3219 1081 3292 festinantem·

135 3333 194 3403 que
209 3330 293 3381 metu
308 3338 394 3383 meae
409 3314 608 3394 mortalitatis,
626 3316 667 3378 ita
687 3310 785 3379 subito
804 3314 975 3399 prostravit,
993 3331 1024 3379 ut
1039 3316 1082 3378 la·

134 3398 216 3467 boris
230 3402 291 3467 mei
307 3399 421 3469 fructus
437 3402 474 3467 ad
491 3401 640 3466 nemiuem
656 3399 763 3479 minue,
781 3420 870 3485 quam
885 3402 927 3465 ad¹
939 3398 1001 3479 me,
1013 3416 1081 3483 per·

67 3552 74 3563 ,
103 3486 252 3555 attineret.
300 3485 392 3553 Illum
407 3490 498 3569 eninr,
516 3486 630 3573 dequo
646 3504 761 3551 summe
776 3504 989 3571 conceperam,
1008 3480 1083 3543 etin

136 3590 196 3661 qao
217 3594 304 3662 spem
326 3572 446 3641 unicam
470 3571 633 3641 senectutis
655 3571 850 3661 reponebam,
867 3570 996 3654 repetito
1017 3562 1082 3628 rut·
1149 3608 1154 3615 -
