2459 4200
148 267 190 336 60
436 281 474 326 tt.
493 279 590 326 narrt
602 277 834 330 vastiterimus-r

191 431 298 513 lupae
313 429 351 493 de
374 429 495 514 singnis
516 429 615 492 verbis
638 429 710 493 satis
730 429 857 507 dictum,
873 446 961 512 qnae,
977 441 1010 492 ut
1029 429 1087 500 nic

147 518 217 580 loco
232 515 362 593 ostendi,
379 535 434 599 per
457 535 490 578 se
511 515 621 577 ntdlam
641 515 780 578 virtutem
797 514 918 580 babent.
967 512 1031 578 Sed
1049 536 1089 578 ne

148 601 279 666 humata
301 611 367 666 sunt
381 599 514 683 quidem,
531 598 587 662 nisi
618 619 689 663 cum
722 613 789 663 sunt
810 598 885 662 infra
904 599 959 677 rei,
976 600 1015 663 de
1030 618 1090 682 qua

147 685 328 768 loquendum
354 698 412 762 est,
430 684 624 767 dignitatem:
648 699 791 769 excepto,
809 684 834 748 si
857 684 983 747 obsceno
1003 683 1089 750 nudis

147 769 316 838 nominibus
347 770 551 834 enuncientur.
599 769 694 841 Quod
717 769 856 846 viderint,
880 770 932 852 qui
954 791 1013 831 non
1036 790 1125 859 pu·s

148 867 212 922 taut
234 876 301 919 esse
322 855 451 932 vitanda,
468 855 537 937 quia
558 875 615 917 nec
637 854 675 917 sit
696 875 758 916 vox
779 853 837 916 nlla
859 868 961 916 natura
982 854 1089 936 turpis,

150 951 181 1000 et
207 939 231 1001 si
255 961 314 1023 qna
338 939 449 1004 estrei
472 937 656 1016 deformitas,
673 939 730 1000 alia
749 958 868 1022 quoqne
891 938 1092 1022 appellatione

149 1041 327 1106 quacunque
349 1025 387 1086 ad
411 1024 593 1087 intellectum
618 1024 746 1086 eundern
772 1022 961 1085 nibilominus
984 1043 1094 1105 perve-

148 1105 219 1174 aiat.
266 1106 335 1190 Ego
351 1107 484 1172 Romani
499 1108 620 1192 pudoris
639 1129 725 1170 more
740 1120 909 1183 contentus,
922 1120 955 1169 nt
965 1106 1031 1191 jam
1044 1127 1092 1170 re·

150 1191 257 1274 spondi
272 1193 391 1271 talibus,
408 1193 621 1256 verecundiam
636 1192 754 1255 silentio
769 1190 939 1254 vindicabo.
1101 1213 1129 1252 ro

194 1274 268 1346 Jam
283 1277 353 1342 hinc
368 1277 454 1361 igitur
464 1279 501 1341 ad
517 1277 663 1340 rationem
678 1277 822 1341 sermonis
837 1274 989 1360 conjuncti
999 1288 1093 1338 nans·

152 1379 264 1426 minus.
319 1361 416 1446 Cujus
443 1377 560 1425 ornatus
585 1363 615 1424 in
641 1362 717 1439 haec
741 1363 801 1424 duo
826 1360 922 1443 prima
941 1359 1091 1437 dividitur,

171 1465 240 1508 narn
262 1447 467 1526 concipiamus
491 1445 702 1520 elocutionem,
725 1466 785 1526 quo
807 1445 899 1506 modo
921 1445 1090 1508 efferamus.

160 1547 232 1589 tarn
253 1528 381 1609 primurn
403 1542 460 1605 est,
481 1541 513 1590 ut
536 1528 657 1610 liqueat,
674 1548 781 1609 augere
803 1529 874 1612 quid
897 1530 1034 1606 velimus,
1056 1549 1094 1591 an

148 1609 284 1673 minnere
300 1631 308 1684 3
332 1611 482 1674 concitate
499 1611 612 1689 dicere,
630 1632 668 1674 an
689 1613 842 1675 moderate
856 1635 864 1688 3
888 1614 977 1691 laete,
994 1635 1130 1676 ense-1⁵

148 1713 223 1756 uere
239 1713 248 1769 ;
270 1694 463 1774 abundanter,
474 1717 511 1758 an
527 1717 631 1780 presse
645 1716 654 1771 ς
679 1717 796 1780 aspere,
808 1708 845 1759 an
860 1697 967 1775 leniter
982 1719 990 1773 3
1014 1719 1093 1781 magb

150 1777 254 1856 nifice,
270 1799 307 1841 an
331 1780 498 1857 subtiliter3
521 1780 661 1863 graviter,
688 1802 725 1842 an
752 1782 874 1844 urbane.
924 1781 1016 1858 Tum,
1034 1802 1095 1864 quo

152 1864 348 1930 translationis
371 1887 493 1947 genere,
515 1866 621 1949 quibus
642 1865 755 1948 figuris,
772 1866 907 1950 qualibus
929 1867 1093 1944 sententiis,

152 1949 317 2030 quomodo,
336 1970 395 2030 qua
416 1964 570 2032 postremo
593 1950 793 2017 collocatione
808 1951 850 2029 id,
867 1952 948 2034 qnod
968 1951 1095 2014 intendi·

151 2051 231 2109 snus,
250 2032 370 2094 efficere
386 2034 546 2116 possimus.
1103 2059 1131 2099 ao

196 2114 344 2179 Ceterum
368 2118 511 2193 dicturus,
532 2116 639 2202 quibus
665 2134 786 2183 ornetur
809 2121 916 2198 oratio,
938 2120 1020 2203 ptius
1045 2142 1094 2199 ee,

153 2220 231 2284 qnae
253 2216 320 2265 sunt
341 2202 411 2265 bnic
438 2203 585 2266 contraria
611 2202 702 2281 laudi,
722 2206 883 2288 attingamt
906 2226 975 2267 narn
1001 2205 1096 2289 prima

152 2284 248 2349 uirtus
269 2298 326 2364 est,
350 2286 424 2351 vitio
447 2309 560 2351 carere.
609 2288 702 2371 Igitur
722 2304 789 2353 ante
812 2290 970 2353 omniane
993 2311 1095 2373 spere·

153 2390 219 2433 inus
236 2385 369 2435 ornatam
391 2374 554 2436 orationem
568 2371 644 2450 iore,
662 2395 739 2456 qnae
761 2375 923 2456 probabilis
945 2396 1005 2437 non
1027 2374 1093 2437 erit.

156 2455 320 2521 Probabile
343 2472 442 2521 autem
458 2457 571 2519 Cicero
595 2457 625 2517 id
648 2478 739 2537 genus
754 2459 839 2535 dicit,
856 2460 939 2539 qood
954 2481 1014 2523 non
1029 2460 1132 2557 pbrsac

150 2537 288 2607 caiuma
311 2552 368 2614 cst,
385 2560 473 2619 quam
491 2540 603 2601 decet:
627 2560 698 2615 non,
716 2540 784 2620 quia
806 2543 887 2602 comi
910 2544 1096 2627 expolirique

150 2642 213 2687 non
229 2620 338 2683 debeat
357 2621 441 2703 (narn
460 2622 583 2683 ethaeo
606 2636 727 2684 ornatus
749 2644 818 2706 pars
842 2638 887 2687 est
902 2626 925 2707 z)
945 2628 1011 2705 sed,
1028 2630 1097 2711 quia

154 2704 257 2771 vitium
277 2717 323 2767 est
339 2704 459 2787 ubique,
477 2706 557 2788 quod
580 2704 702 2767 nimium
725 2722 781 2771 est.
829 2708 937 2793 Itaque
950 2711 1014 2775 vult
1028 2734 1097 2777 esse

155 2788 363 2853 minuitatem
384 2789 419 2851 in
442 2790 550 2867 verbis,
574 2793 735 2853 sententiaa
759 2795 807 2855 vel
828 2816 950 2878 granu,
973 2798 1021 2858 cci
1042 2817 1096 2879 op·

126 2879 201 2933 *toa
224 2872 417 2951 opinionibus
439 2875 594 2937 benacum
609 2896 645 2937 cc
667 2877 811 2941 moribtu.
860 2878 921 2945 His
944 2882 1022 2945 enim
1038 2881 1134 2948 sal-aa

155 2954 200 3019 via
221 2956 292 3023 licet
312 2979 464 3023 assumere
487 2981 535 3039 ea,
553 2960 658 3043 quibus
681 2962 823 3026 illustrem
846 2966 908 3027 fieri
932 2966 1097 3029 emtionem

151 3054 249 3125 putot,
264 3041 387 3123 deiectu,
402 3047 561 3122 translato,
578 3048 801 3127 reportarant
815 3070 921 3113 comeo
936 3049 1094 3133 wanda,

150 3126 305 3209 optenta,
317 3140 345 3193 et
357 3131 437 3193 idem
452 3128 673 3216 significantia,
687 3132 725 3193 ab
740 3134 809 3216 ipsu
823 3137 940 3198 octium
955 3145 1043 3218 atquo
1057 3137 1096 3199 ol

155 3210 322 3277 antioona
337 3236 438 3278 rorum
454 3238 515 3279 noo
531 3218 735 3280 abhorrentia.
759 3220 763 3228 '
1086 3263 1091 3272 ·

203 3292 279 3369 Sed,
294 3299 433 3376 queniam
445 3302 515 3363 vitia
530 3302 609 3383 prins
622 3303 826 3367 demonstrare
837 3306 969 3387 aggressi
980 3326 1134 3384 sumussta

154 3374 206 3437 ‘vel
220 3377 278 3437 hoc
294 3379 397 3443 villum
411 3382 460 3458 sit,
478 3387 559 3466 quoti
575 3398 751 3466 κακέμφατον
766 3404 898 3454 vocatur.

201 3458 394 3531 Deforniari
424 3468 592 3549 proximum
619 3489 665 3537 est
689 3475 871 3538 humilitatis
894 3476 1014 3555 citium
1046 3506 1094 3538 τα-

153 3562 289 3609 πείνωσιν
304 3563 423 3628 vocant,
447 3572 504 3635 qua
527 3556 569 3618 rei
593 3560 763 3642 magnitudo
778 3560 828 3621 vel
843 3559 968 3642 dignitas
990 3562 1097 3627 minui»
