2459 4200
343 257 496 304 sannone
515 259 821 312 annositatem.
1027 249 1069 312 at

126 425 157 476 et
180 410 209 473 in
234 409 318 474 libris
342 409 595 490 observationum,
620 433 639 476 a
666 411 817 498 Septimio
839 413 927 480 editis
948 415 1070 482 affirisse

124 495 311 561 Ciceronem
341 495 391 558 tali
415 517 526 560 causae
551 497 692 560 invenio:
723 514 755 562 et
778 521 836 584 ego
865 523 920 586 pro
949 499 1071 587 Regina

125 581 278 646 Berenice
293 581 373 666 apud
390 580 486 666 ipsam
502 603 623 646 causam
637 583 710 646 dixi.
756 584 871 650 Similis
885 585 935 650 bio
949 609 1070 672 quoque

124 667 328 751 superioribus
343 666 419 729 ratio
431 680 487 730 est.
526 665 726 733 Adversarius
738 671 818 732 enim
828 670 968 734 fiduciam
979 673 1070 758 partis

104 773 199 818 senae
210 752 317 837 jactat,
334 765 475 837 patronus
491 751 576 816 timet
590 755 801 838 cognoscentis
815 757 1038 821 verecundiam.

174 836 335 901 Praeterea
347 837 529 900 detrahenda
541 839 590 902 vel
606 841 808 908 confirmanda
818 841 933 928 opinio,
944 843 970 906 si
981 864 1071 927 quarn

125 923 289 1008 praecipue
302 924 394 986 domo
409 923 556 987 videbitur
567 923 665 1010 judex
679 927 822 990 attulisse.
863 924 966 992 Metus
982 929 1070 994 etiarn

125 1030 336 1092 nonnunquam
357 1021 404 1072 est
422 1009 618 1088 amovendus,
635 1025 668 1074 ut
682 1011 797 1076 Cicero
812 1035 868 1099 pro
884 1011 1014 1094 Milone,
1031 1037 1070 1080 ne

126 1115 209 1156 arma
225 1093 367 1178 Pompeii
388 1107 493 1158 contra
510 1117 548 1181 se
572 1096 716 1179 disposita
758 1112 886 1178 utarent,
902 1099 1069 1164 laboravit:

93 1197 337 1262 rononuunquam
352 1179 547 1257 adhibendus,
559 1195 590 1244 ut
602 1181 683 1244 idern
697 1183 727 1244 in
738 1120 869 1248 barrem
879 1183 961 1248 sacia.
1004 1185 1071 1248 Sed

130 1263 292 1326 adhibendi
312 1264 414 1328 modus
440 1264 514 1327 alter
537 1265 585 1327 ille
607 1263 746 1349 frequens
769 1283 815 1331 est
836 1283 868 1331 et
889 1268 1070 1348 favorabilis,

126 1348 183 1412 No
202 1349 281 1412 male
301 1350 406 1412 tendat
422 1351 556 1432 populun
572 1350 742 1429 Romanus,
759 1352 813 1414 Ne
829 1351 957 1436 judicia
973 1362 1072 1415 trotte-

118 1431 292 1518 serantur3
315 1434 389 1498 alter
407 1449 506 1499 autem
525 1455 614 1518 asper
632 1450 662 1497 et
676 1456 771 1514 rarus,
787 1458 848 1520 quo
863 1435 989 1501 minatur
1003 1459 1071 1502 cor·

123 1519 220 1606 ruptis
244 1519 479 1596 accusationem,
497 1534 528 1584 et
546 1521 577 1584 id
591 1520 712 1605 quidem
730 1522 759 1584 iu
780 1522 906 1587 consilio
924 1524 1071 1622 ampliore

94 1619 277 1689 rsutcunqua
300 1605 411 1682 tutius3
434 1614 503 1668 nam
526 1620 556 1669 et
577 1606 647 1668 mali
669 1607 847 1686 inhibentur,
864 1623 895 1672 et
914 1609 985 1672 bont
1000 1631 1070 1694 gan·

126 1691 219 1754 dent:
244 1691 323 1775 apud
346 1691 476 1774 singulos
493 1713 565 1754 vero
580 1712 729 1775 nunquam
744 1694 898 1773 suaserim,
915 1694 972 1757 nisi
988 1693 1070 1758 dese·

124 1776 221 1839 cerint
237 1776 348 1839 omnia.
397 1775 491 1848 Quod
513 1777 537 1839 si
556 1777 721 1840 necessitas
739 1779 842 1862 exigit,
859 1801 919 1843 non
934 1779 990 1841 erit
1008 1778 1072 1862 jam

127 1876 246 1926 exarte
262 1862 414 1924 oratoria:
438 1883 497 1924 non
512 1861 605 1944 magis
622 1883 711 1944 quam
729 1863 894 1947 appellare,
911 1861 1027 1926 etiarnsi
1040 1864 1072 1929 id

150 1967 248 2030 noque
263 1968 355 2031 saepe
366 1947 437 2010 utile
448 1959 518 2023 est3
534 1961 596 2024 aut,
610 1960 769 2030 antequam
784 1947 972 2032 pronunciat,
986 1969 1072 2014 reum

94 1967 252 2096 subacens:
274 2045 390 2095 namet
407 2031 511 2096 minari
529 2046 560 2096 et
576 2029 692 2097 deferre
715 2033 806 2097 etiam
821 2055 883 2098 uon
900 2048 1001 2099 orator
1014 2055 1070 2122 po-

113 2132 197 2183 ·iest.
681 2163 685 2171 ·

173 2203 210 2269 Si
226 2226 318 2269 causa
333 2204 511 2271 conciliandi
527 2207 612 2271 nobis
625 2206 736 2291 judicis
751 2206 906 2270 materiam
920 2206 1014 2283 dabit,
1032 2228 1073 2269 ex

128 2290 187 2351 bac
202 2292 391 2373 potissimum
410 2290 507 2373 aliqua
526 2292 555 2352 in
574 2312 660 2353 usum
677 2292 827 2374 principii,
844 2312 920 2374 quae
941 2291 1072 2354 maxime

130 2372 302 2438 favorabilia
323 2376 513 2452 videbuntur,
532 2375 656 2458 decerpi
677 2374 838 2458 oportebit.
876 2371 951 2444 Quo
963 2374 1072 2438 inloco

95 2459 285 2543 asVirginius
307 2461 426 2535 fallitur,
447 2459 497 2545 qui
523 2458 691 2523 Theodoro
713 2459 834 2543 placere
855 2458 956 2537 tradit,
978 2472 1011 2523 nt
1032 2481 1073 2524 ex

130 2546 251 2629 singulis
267 2546 488 2631 quaestionibus
507 2546 611 2630 singuli
632 2568 736 2610 sensus
751 2545 781 2609 in
797 2545 985 2631 prooemium
998 2568 1072 2611 con·

128 2630 268 2695 serantur.
317 2632 462 2696 Namille
477 2654 535 2695 non
551 2632 609 2698 hoc
627 2632 710 2710 dicit,
727 2633 782 2696 sed
797 2632 836 2695 ad
850 2634 1072 2717 potentissimas

121 2718 320 2800 quaestiones
340 2718 476 2803 jndicem
500 2718 753 2801 praeparandum:
775 2718 804 2780 in
830 2739 890 2802 quo
912 2720 975 2783 vitii
999 2720 1072 2782 nibil

128 2816 204 2881 erat,
222 2802 279 2867 nisi
295 2804 324 2866 in
344 2804 514 2867 uniuersum
532 2803 563 2867 id
578 2804 780 2888 praeciperet,
796 2805 877 2888 quod
897 2826 955 2868 nec
974 2803 1071 2867 omnis

95 2888 209 2951 unctio
227 2889 348 2972 patitur,
365 2910 423 2951 nec
446 2889 542 2953 omnis
565 2910 656 2953 cansa
678 2890 838 2954 desiderat.
886 2888 964 2952 Nam
980 2888 1072 2974 proti·

127 2995 184 3037 nus
206 2996 226 3036 a
248 2975 375 3058 petitore
399 2974 495 3058 primo
518 2975 601 3053 loco,
619 2977 690 3039 dum
713 2975 814 3058 ignota
836 2974 933 3057 judici
954 2975 990 3036 lis
1012 2988 1070 3049 est,

128 3059 285 3143 quomodo
307 3082 347 3123 ex
369 3060 590 3145 quaestionibus
612 3060 756 3122 ducemus
779 3058 965 3119 sententias?
987 3056 1072 3117 nimi·

130 3164 199 3204 rum
212 3164 261 3207 res
277 3161 359 3208 erunt
373 3145 549 3209 indicandae
571 3142 662 3227 prius.
708 3140 841 3214 Demus,
859 3138 971 3220 aliquas
991 3138 1072 3222 (nam

131 3226 164 3289 id
196 3227 289 3313 exigit
316 3232 390 3295 ratio
424 3226 648 3312 nonnunquam)
684 3224 812 3287 etiamne
850 3224 1072 3307 potentissimas

84 3334 249 3393 -aeomnes,
275 3315 306 3378 id
335 3332 382 3381 est
412 3330 502 3380 totam
533 3310 681 3377 causam?
711 3310 755 3375 sie
781 3311 836 3375 erit
858 3310 889 3374 in
915 3314 1072 3397 prooemio

128 3414 251 3484 peracta
270 3404 406 3467 narratio.
454 3399 538 3472 Quid
557 3398 657 3462 vero?
680 3398 704 3462 si
732 3398 777 3483 (ut
798 3396 843 3463 fre
865 3414 969 3463 uenter
991 3400 1071 3463 acci·

129 3484 185 3571 dit)
212 3488 303 3571 paulo
326 3503 372 3552 est
395 3487 494 3551 durior
517 3505 630 3561 causa;
653 3506 711 3549 non
734 3420 943 3551 benevoientia
960 3482 1072 3568 judicis

131 3573 261 3655 petenda
284 3595 324 3637 ex
347 3574 412 3639 aliis
433 3572 565 3659 partibus
587 3570 655 3650 erit,
672 3573 726 3637 sed
745 3594 806 3636 non
823 3586 892 3636 ante
910 3566 1071 3633 conciliato
