2459 4200
166 304 231 366 ῆι
458 318 494 362 ιι.
514 316 607 362 ιιιιι
627 316 851 369 ιιιιιιιιιιιιιι

208 468 314 555 Neque
330 488 403 532 vero
419 470 515 553 pudor
531 469 641 545 obstet,
655 490 724 568 quo
731 469 825 531 minus
841 482 1024 552 susceptam,
1037 486 1109 531 oum

166 556 271 620 melior
284 555 449 633 videretur,
466 556 559 637 litem,
577 557 696 653 cognita
716 556 792 618 inter
805 554 1060 638 disceptandum
1053 554 1108 615 rni-

186 640 289 719 uitate,
314 640 452 719 dimittet,
480 660 550 703 eum
579 641 660 725 prius
689 640 825 739 litigatori
853 640 963 702 dixerit
986 660 1103 702 verum.

166 664 247 791 llam
261 742 293 790 et
307 726 336 788 in
350 726 409 789 hoc
431 746 579 809 magnum,
592 726 615 788 si
633 746 720 809 aequi
712 726 851 810 judices
867 746 980 803 sumus,
994 724 1109 787 benefi-

167 812 246 877 cium
263 828 321 890 est,
338 826 443 875 utnon
459 812 593 874 lallamus
608 833 683 874 vana
705 834 760 895 spe
779 811 952 893 litigantem
1000 810 1129 893 Nequeo

168 914 214 963 est
229 900 333 981 dignus
356 918 448 981 opera
459 897 596 997 Ηριιιοιιί,
614 897 663 980 qui
687 918 746 959 non
770 897 859 958 utitur
880 896 1018 959 consilio.
1066 895 1110 958 Et

167 998 250 1047 certe
265 1004 324 1045 non
340 984 481 1046 convenit
496 982 536 1060 ei,
548 1004 637 1067 quem
652 997 800 1044 oratorem
816 1004 883 1044 esse
898 980 1071 1057 volumus,
1063 1002 1107 1042 m·

116 1062 243 1154 justa
258 1068 333 1131 tueri
350 1068 504 1131 scientem.
552 1066 674 1129 Nam
651 1090 676 1130 st
691 1090 731 1130 ex
747 1068 814 1144 illis,
832 1088 905 1151 quas
926 1089 1015 1151 supra
1030 1064 1105 1128 dixi·

168 1174 244 1229 mus,
261 1153 359 1217 causis
375 1151 481 1217 salsum
497 1152 637 1230 tuebitur,
655 1153 711 1216 erit
725 1168 824 1217 tamen
840 1155 1010 1230 honesturn,
1027 1151 1109 1235 quod

167 1238 1140 1324 ipselaciet.1t

217 1326 361 1389 Grotitne
390 1324 419 1389 ei
448 1346 569 1424 semper
597 1325 745 1423 agendum
774 1324 823 1399 sit,
846 1323 965 1385 tractari
996 1334 1106 1406 potest.

168 1408 262 1482 Quod
282 1432 321 1473 ex
342 1412 443 1509 prima·
457 1425 555 1475 statim
577 1408 706 1472 lronted
688 1408 861 1494 dijudicare,
879 1409 1109 1492 imprudentium

167 1510 224 1559 est
264 1496 420 1578 Numquis
436 1496 558 1577 ignorat,
570 1495 640 1578 quin
656 1496 686 1557 id
701 1496 824 1579 louge
801 1510 838 1557 ιιι
854 1494 1106 1594 honestissimum,

167 1600 203 1643 ae
226 1578 394 1642 liberalibus
414 1580 577 1663 disciplinis
600 1596 631 1642 et
653 1582 704 1642 illo
726 1601 815 1662 quem
837 1580 983 1662 exigimus
1010 1579 1111 1641 animo

168 1663 380 1748 dignissimum,
403 1684 462 1726 non
485 1666 616 1727 vendere
646 1686 782 1748 operam,
800 1687 857 1727 nee
887 1666 1006 1727 elevare
1036 1663 1142 1726 tantirs

167 1750 306 1815 beneficii
321 1750 556 1815 auctoritatem?
579 1772 649 1813 cum
664 1751 805 1834 pleraque
822 1751 912 1813 boo
904 1771 970 1834 rpso
991 1749 1110 1848 possint

168 1837 262 1901 videri
274 1837 355 1915 vilia,
366 1838 445 1922 quod
463 1837 589 1936 pretium
604 1838 724 1900 habeut
756 1836 869 1899 Caecis
885 1836 956 1913 hoc,
968 1850 1000 1897 ut
1016 1837 1108 1911 aiunt,

168 1922 239 1985 satis
252 1922 364 1985 clarum
377 1938 445 1985 est.
469 1944 525 1985 nec
539 1924 705 2006 quisquam,
717 1944 766 2005 qur
759 1922 944 1984 sufficiente
959 1921 1015 1983 sibi
1033 1924 1110 2019 (mo-

168 2006 235 2068 dica
258 2019 358 2067 autern
379 2008 453 2068 baec
473 2010 553 2089 sunt)
573 2007 751 2090 possidebit,
769 2008 846 2070 hunc
863 2022 1021 2091 quaestum
1046 2007 1110 2069 sine

168 2088 290 2153 crimine
306 2090 435 2153 sordium
453 2088 568 2154 lecerit.
1116 2115 1140 2156 ιι

212 2174 298 2240 Ater
314 2199 361 2240 res
376 2175 524 2240 familiaris
545 2177 671 2261 amplius
693 2177 801 2262 aliquid
820 2179 859 2241 ad
879 2201 949 2241 usus
966 2199 1110 2241 necessa-

167 2261 227 2327 rios
244 2264 354 2364 exiget,
367 2263 530 2327 secondum
546 2264 677 2326 omnium
694 2265 869 2348 sapientium
884 2265 966 2363 leges
982 2267 1111 2347 patietur

168 2349 224 2414 sibi
235 2351 357 2434 gratiam
369 2349 496 2413 referri:
520 2371 589 2412 curn
606 2365 635 2412 et
650 2349 769 2414 Socrati
787 2350 927 2412 collatum
943 2350 980 2412 sit
995 2350 1078 2412 ad
1049 2369 1112 2412 vrc-

168 2449 252 2510 tum;
277 2451 306 2499 et
321 2435 421 2512 Zeno,
439 2435 614 2512 Cleanthes,
632 2435 821 2518 Chrysippus
842 2436 1000 2497 mercedes
1016 2457 1035 2497 a
1050 2435 1111 2497 dis·

168 2521 275 2620 cipulis
291 2521 523 2604 acceptaverint.
571 2518 678 2603 Neque
694 2521 772 2582 enim
788 2521 876 2582 video
882 2543 984 2604 ,quae
1000 2519 1143 2604 justiores

167 2607 341 2704 acquirendi
365 2607 451 2682 ratio,
470 2627 557 2704 quarn
585 2627 624 2666 ex
649 2606 859 2667 honestissimo
881 2568 994 2679 labore,
1016 2621 1046 2667 et
1072 2605 1110 2667 ab

167 2690 213 2766 iis,
232 2691 270 2750 de
293 2689 398 2771 quibus
422 2691 533 2771 optime
559 2690 729 2764 meruerint,
747 2692 856 2771 quique
887 2691 911 2752 si
941 2691 1042 2752 nibil
1035 2691 1112 2753 mvi·

167 2795 234 2836 cent
257 2785 419 2868 praestent,
437 2772 547 2852 indigni
570 2772 677 2833 luerint
698 2773 884 2835 defensione.
926 2775 1020 2844 Quod
1043 2776 1111 2858 qui·

165 2858 235 2921 dem
251 2875 309 2917 non
321 2854 433 2940 justum
449 2856 553 2932 modo,
570 2856 624 2917 sed
639 2857 842 2916 necessarium
858 2857 947 2918 etiam
964 2873 1022 2931 est,
1037 2881 1113 2922 curn

165 2941 261 3008 haec
254 2963 319 3028 ipsa
330 2961 433 3026 opera,
445 2955 623 3024 tempusque
635 2960 723 3001 omna
738 2939 840 3003 alienis
851 2941 977 3023 negotiis
989 2942 1109 3024 datum,
1117 2963 1140 3008 ιι

166 3029 337 3096 facultatem
351 3027 436 3091 aliter
450 3027 621 3110 acquirendi
636 3025 780 3089 recidant.

211 3117 278 3182 Sed
298 3130 361 3180 tum
377 3135 495 3198 quoque
514 3113 658 3176 tenendus
677 3127 724 3174 est
743 3113 873 3176 modus:
897 3133 933 3176 ac
950 3113 1109 3196 plurimum

166 3201 268 3278 refert,
286 3216 316 3265 et
331 3223 347 3264 a
362 3222 422 3284 quo
437 3199 576 3283 accipiet,
593 3213 625 3262 et
639 3213 789 3280 quantum,
801 3213 832 3260 et
846 3220 1010 3298 quousque.
1047 3199 1107 3262 Pa·

166 3283 301 3348 ciscendi
313 3286 432 3368 quidem
447 3286 496 3348 ille
514 3285 654 3370 piraticus
669 3305 746 3359 mos,
759 3298 788 3346 et
803 3286 974 3368 ponentium
990 3285 1106 3369 pericu·

165 3369 201 3433 lis
218 3367 310 3466 pretia
326 3371 431 3452 procul
445 3371 640 3434 abominanda
659 3370 820 3454 negotiatio
834 3371 924 3432 etiam
940 3393 956 3433 a
973 3370 1103 3432 medioc-
1110 3384 1137 3426 ιι

165 3455 237 3521 ιίιιι
259 3452 402 3537 improbis
426 3456 546 3518 aberit.
569 3477 640 3518 cum
659 3456 834 3538 praesertim
855 3457 950 3518 bonos
972 3453 1104 3516 homines

165 3542 319 3624 bonasque
345 3557 450 3601 causas
477 3541 568 3603 tuenti
598 3540 719 3603 nonsit
749 3543 923 3604 metuendus
954 3541 1104 3623 ingratus·
1207 3608 1208 3615 J

167 3627 273 3711 quodsi
289 3625 411 3703 futurus,
428 3623 508 3686 malo
523 3638 623 3688 tamen
641 3625 690 3688 ille
704 3642 825 3709 peccet.
872 3626 954 3689 Nilril
968 3647 1041 3708 ergo
1056 3641 1105 3688 ao·
