2459 4200
161 284 225 347 tati
450 298 487 341 aa.
508 293 846 347 austremonium

157 450 252 551 pulis
267 470 336 513 σιω
350 448 389 511 ad
404 447 529 511 corben
543 446 633 521 solet,
650 444 859 528 torqueadus3
879 458 931 508 tat
945 463 1105 541 tompus·
1229 448 1230 463 *

1220 611 1227 646 'a

158 536 194 599 hi
209 534 315 597 dolore
330 532 506 618 exprimitur
518 533 676 595 eruenda
699 551 768 593 cum
781 530 856 593 milti
871 530 1011 593 comedi
1025 552 1106 613 quo-

158 641 218 706 que
247 620 379 703 pessime
408 616 508 681 lacere
535 615 933 698 incommomodum
958 614 1106 699 juvenem

160 719 259 789 agant,
276 726 346 769 curn
361 719 461 767 tamen
475 703 507 765 itt
523 702 712 787 expositione
731 715 783 764 aut
802 700 883 765 senis
897 722 1010 777 sermo,
1026 716 1060 765 ct
1073 702 1107 769 io

164 790 305 875 Hydriae
328 784 469 872 prologo,
485 802 537 851 aut
561 786 705 862 mulieris,
725 801 759 849 ot
781 786 812 849 in
835 787 971 868 Georgo,
986 786 1130 864 iaz-idios

161 876 287 941 tremula
302 876 351 938 vel
365 873 533 937 effeminata
547 894 628 937 voce
644 872 853 956 pronunciant.
892 871 988 935 Adeo
1001 872 1032 935 in
1045 872 1105 937 illia
1219 867 1229 910 ·'

74 978 82 985 '
123 992 127 999 ·
162 982 280 1045 quoque
305 973 351 1023 est
376 960 473 1043 aliqua
496 958 601 1022 vitiosa
628 957 765 1035 imitatio,
783 978 910 1041 quoram
935 979 983 1021 aas
1004 958 1105 1020 omnis
1229 1038 1230 1041 Ἴ

162 1058 280 1109 constat
296 1044 470 1107 imitatione.

205 1129 263 1195 Eet
278 1144 376 1193 atatem
392 1144 491 1212 gestus
509 1128 556 1190 ille
572 1127 704 1192 maxine
717 1126 897 1202 commeatis,
910 1147 971 1209 quo
985 1126 1105 1192 modios
1220 1172 1226 1189 ,

164 1215 271 1297 digitus
286 1214 315 1277 'm
331 1215 472 1297 pollicem
489 1214 670 1277 contrahitur
687 1212 837 1296 explicitis
854 1211 961 1289 eibos,
975 1226 1010 1275 et
1023 1212 1141 1294 prio-ta

163 1300 251 1383 cipiis
265 1300 343 1363 utilis
358 1320 428 1363 cum
442 1300 501 1363 toni
519 1300 547 1361 in
568 1314 722 1382 utramque
742 1312 856 1381 partem
877 1311 962 1359 mmu
982 1298 1106 1365 modico

164 1386 307 1467 prolatus,
325 1386 412 1449 sitotd
426 1385 526 1468 capite
545 1398 636 1467 atque
652 1383 783 1447 metis
804 1382 916 1446 sennim
929 1383 1026 1460 adid,
1041 1401 1111 1467 qm·

162 1488 267 1533 manua
283 1468 402 1546 scranto,
418 1469 691 1533 obsecundantibus
707 1490 715 1530 :
739 1483 769 1531 et
782 1468 813 1531 is
826 1469 973 1531 nmnndo
983 1483 1103 1549 wate,
1220 1462 1225 1474 ⁴

163 1553 217 1615 sod
233 1568 295 1613 ttttn
306 1554 410 1635 *paullo
426 1554 600 1637 productior
616 1576 624 1614 z
647 1568 678 1616 et
697 1554 727 1615 'n
747 1554 958 1636 exprobrando
970 1567 1106 1618 etcoso·

162 1636 281 1719 gerendo
294 1656 366 1698 acer
378 1650 471 1719 atque
484 1638 606 1701 instem.
654 1638 791 1720 langius
811 1639 890 1701 enim
911 1638 1042 1722 partibus
1055 1640 1141 1704 ξω

163 1720 499 1785 etliloetiusexsatitut.
538 1722 1104 1808 Vitioseretoidemsinistromqoui
1222 1736 1228 1753 ‘

162 1806 979 1892 nnnommpotoooinlotosogiooletzqnnnqmm
1003 1810 1103 1875 adlato

163 1890 250 1975 pejus
271 1892 359 1975 aliqui
378 1907 579 1956 maerentum
602 1893 755 1955 brachium
776 1893 939 1976 proles-unt,
954 1908 985 1956 et
999 1893 1103 1957 odito

163 1976 368 2055 pronunciant.
409 1976 483 2039 Duo
493 1998 615 2059 qaoque
630 1977 721 2041 taedii
735 1979 792 2040 sub
806 1979 948 2061 pollicem
958 1979 1102 2044 venitm

163 2072 194 2120 et
216 2072 261 2120 est
282 2058 331 2121 hic
353 2059 451 2123 adhuc
473 2060 573 2142 priore
597 2075 698 2143 gestus
721 2062 884 2141 instantior,
900 2063 1048 2148 principio
1067 2078 1141 2130 et·

162 2142 319 2214 narrationi
341 2164 400 2206 noo
422 2147 678 2209 acconartodatus.
726 2148 771 2210 At
788 2169 859 2210 cum
875 2163 937 2212 tros
956 2151 1102 2212 contracti

162 2227 273 2316 pollice
296 2243 492 2313 prementum
514 2245 577 2294 tum
592 2231 702 2314 digitus
724 2233 785 2311 ille,
799 2234 862 2316 quo
879 2255 968 2296 osum
988 2235 1102 2318 optimc

163 2312 309 2378 Otiosum
332 2314 445 2379 Cicero
467 2316 551 2395 dicit,
578 2317 720 2401 explicari
746 2319 832 2382 solet.
878 2318 912 2381 la
935 2319 968 2382 in
990 2341 1104 2402 expio·
1226 2320 1228 2325 ’

163 2399 277 2462 mendo
297 2415 329 2464 et
348 2401 518 2479 indicando,
536 2404 613 2465 uude
634 2416 668 2464 et
688 2403 717 2464 ai
738 2425 849 2466 nomen
871 2404 929 2481 est,
944 2405 1025 2466 valet
1040 2425 1048 2464 :
1071 2417 1104 2468 ot

162 2483 289 2548 allevata
304 2506 340 2547 ac
357 2500 512 2568 spectante
525 2487 682 2549 humerum
697 2509 787 2550 manu
801 2489 931 2572 paullum
946 2489 1140 2552 inclinatius

162 2569 313 2632 affirmat:
337 2591 442 2632 versus
466 2569 494 2630 in
515 2583 623 2633 tottam
641 2585 672 2634 et
686 2573 770 2654 quasi
791 2595 902 2656 prontu
917 2588 1026 2656 urget:
1049 2574 1103 2636 ali·
1224 2588 1228 2603 ¹

160 2654 280 2730 quoodo
299 2673 353 2732 pro
376 2673 500 2714 nurnero
521 2668 576 2716 est.
602 2678 606 2695 ¹
624 2654 710 2716 Idem
733 2679 852 2720 summo
871 2658 996 2721 articulo
1011 2657 1103 2720 maia·

160 2754 220 2814 que
235 2735 342 2794 leviter
359 2736 557 2814 apprehenso,
575 2738 691 2800 duobus
710 2741 831 2802 modice
844 2743 987 2818 curvatis,
1005 2743 1104 2807 maus

161 2831 261 2878 tatnen
284 2815 417 2890 minimo,
435 2831 520 2898 optus
541 2820 577 2880 ad
593 2819 804 2901 disputandum
822 2839 880 2886 est.
928 2824 1043 2889 Acrius
1055 2842 1105 2891 ta-
1223 2867 1229 2881 =

66 2945 73 2950 .
163 2919 230 2960 men
246 2900 441 2982 argumentari
455 2901 609 2979 videntur,
620 2904 670 2986 qui
686 2906 817 2967 medium
832 2908 985 2970 articulum
1001 2911 1139 2992 potiun

161 2987 286 3066 teneam
309 2999 391 3048 tanto
407 2987 654 3050 contractioribus
669 2989 777 3054 ultimis
793 2992 902 3075 digitis,
916 3009 1028 3076 quanto
1044 2997 1105 3079 pai·

162 3093 230 3136 ores
246 3073 476 3136 descenderunt.
524 3073 581 3136 Est
597 3089 627 3137 et
642 3075 690 3149 ille
703 3079 894 3142 verecundae
908 3079 1034 3143 orationi
1047 3103 1104 3165 ap·

164 3158 304 3235 tissimus,
322 3175 522 3241 quoquotum
539 3159 639 3242 primis
655 3161 760 3224 leviter
777 3163 807 3225 in
825 3185 973 3227 summum
989 3170 1103 3230 coeam

163 3240 239 3300 tibus
256 3242 366 3322 digitis,
384 3267 442 3305 non
465 3245 569 3326 procul
590 3247 629 3311 oh
642 3268 695 3308 ore
713 3263 764 3310 aut
784 3263 908 3332 pectore
923 3249 1048 3316 reicitur
1063 3252 1101 3314 cd

162 3331 216 3384 nos
232 3344 346 3398 manue,
357 3341 388 3388 et
401 3329 508 3392 deinde
520 3351 614 3412 prone
626 3353 662 3392 ac
675 3334 834 3414 paullulum
846 3336 958 3418 prolata
973 3336 1096 3398 laxetur.
1106 3357 1139 3398 n

207 3405 280 3468 Hoc
301 3411 393 3470 modo
409 3414 547 3496 coepisse
568 3415 812 3481 Demosthenem
828 3423 921 3483 credo
935 3421 966 3482 in
980 3409 1030 3482 illo
1043 3441 1100 3502 pto
1224 3429 1228 3439 '

158 3491 359 3574 Ctesiphonte
376 3493 479 3558 timido
501 3501 721 3586 summissoque
740 3504 909 3588 principio:
933 3507 977 3568 sic
993 3503 1099 3568 fortna-

162 3592 223 3641 am
235 3577 396 3642 Ciceronis
412 3601 624 3660 mammeam
640 3587 766 3666 diceret,
782 3591 830 3667 di,
837 3591 1101 3674 jadim,iagcttii
