2459 4200
362 300 516 352 sesanna
533 261 683 356 ananau
700 302 837 347 cretas.
1018 290 1081 353 901

142 474 231 537 snpra
246 451 449 517 demonstravi
466 474 473 515 t
497 452 614 531 dextra,
630 475 700 516 cum
717 452 782 539 jum
796 453 1000 537 incipiendum
1014 455 1082 533 erit,

141 538 274 623 paullum
295 536 411 621 prolata
430 538 505 601 ultra
526 538 621 601 sinum
636 553 721 621 gestu
736 561 825 623 qnam
847 540 1082 618 modestissimo,

141 624 224 687 velut
239 636 420 706 exspectans
435 624 554 707 quando
569 623 770 707 incipiendum
785 623 833 687 sit.

186 708 308 771 Vitiosa
335 708 413 770 enim
442 723 509 771 sunt
534 709 595 786 illa,
614 709 720 772 intueri
742 708 901 786 lacunaria,
924 708 1084 791 perfricare

119 791 264 871 siaciern,
281 806 312 855 et
326 793 409 877 quasi
432 792 597 877 improbam
620 792 746 857 lacere:
768 795 892 857 tendere
907 794 1085 858 confidentia

143 878 268 955 vultum,
282 891 343 955 aut,
355 898 415 961 quo
430 877 468 941 sit
483 879 577 962 magis
592 894 707 957 torvus,
718 878 884 964 superciliis
900 878 1061 961 astringere
1076 901 1083 939 :

142 962 269 1047 capillos
286 984 302 1025 a
319 960 415 1025 fronte
431 979 534 1027 contra
557 979 688 1029 naturam
703 979 783 1027 retro
799 986 899 1048 agere,
918 978 948 1025 ut
963 963 1001 1027 sit
1016 965 1084 1027 bor·

142 1069 193 1111 ror
216 1048 265 1111 ille
287 1047 448 1111 terribilis:
472 1062 546 1126 turn,
564 1050 593 1112 id
615 1050 696 1133 quod
711 1050 826 1113 Graeci
846 1048 1084 1133 frequentissime

143 1132 267 1209 faciunt,
285 1132 394 1195 crebro
417 1132 574 1213 digitorum
596 1136 801 1217 labiorumque
827 1150 909 1196 motu
931 1156 1084 1197 commen·

109 1218 308 1295 ratari,‘clare
340 1238 510 1293 exscreare,
529 1218 639 1300 pedem
667 1219 792 1279 alterurn
821 1219 908 1299 longe
935 1217 1081 1300 prolerre,

144 1317 259 1387 partem
282 1317 371 1386 togae
395 1300 511 1364 sinistra
533 1316 648 1376 tenere,
665 1316 743 1363 stare
766 1302 930 1377 diductum,
947 1302 996 1363 vel
1017 1301 1085 1384 rigi·

145 1388 228 1465 dum,
244 1388 294 1451 vel
309 1388 457 1473 supinum,
476 1387 524 1449 vel
539 1386 705 1463 incurvum,
722 1386 771 1448 vel
786 1386 928 1463 humeris,
945 1400 977 1447 ut
992 1386 1085 1448 lucta·

144 1474 201 1537 turi
217 1473 325 1550 solent,
343 1472 380 1535 ad
395 1472 569 1557 occipitium
585 1472 693 1535 ductis.

189 1558 354 1621 Prooemio
370 1556 606 1641 frequentissime
623 1557 697 1620 lenis
714 1557 854 1621 convenit
867 1556 1083 1642 pronunciatio.

111 1668 138 1707 rs
146 1642 228 1705 Nihil
244 1644 321 1707 enim
338 1658 384 1707 est
398 1644 438 1707 ad
452 1644 671 1709 conciliandum
682 1643 790 1727 gratius
801 1644 982 1707 verecundia
996 1665 1004 1703 ι
1026 1664 1086 1705 non

145 1744 246 1795 nmen
260 1752 390 1813 semper.
438 1728 545 1813 Neque
561 1730 640 1791 enim
660 1751 720 1790 uno
741 1730 832 1790 modo
847 1729 983 1789 dicontur
998 1748 1086 1787 exor-

145 1814 208 1889 dia,
224 1829 257 1877 ut
272 1814 373 1877 docui.
422 1812 604 1897 Plerumque
624 1828 724 1874 tamen
743 1826 772 1873 at
788 1833 850 1871 vox
864 1822 1039 1892 temperata,
1057 1823 1087 1870 et

145 1914 248 1982 gestus
264 1901 427 1976 modestus,
446 1911 475 1961 et
495 1898 603 1960 sedens
624 1897 748 1959 humero
763 1910 843 1978 toga,
861 1908 892 1956 et
906 1894 1031 1956 laterum
1044 1892 1086 1955 le·

145 1984 192 2047 nis
208 1984 235 2047 in
249 2000 404 2069 utramque
420 1997 534 2066 partem
549 1997 660 2059 motus,
672 1982 780 2044 eodem
796 1980 999 2066 spectantibus
1014 1998 1086 2041 ocn-

84 2070 87 2074 ’
110 2069 194 2147 nolis,
213 2069 342 2134 decebit.

190 2154 327 2219 Narratio
351 2155 443 2238 magis
466 2155 612 2238 prolatam
638 2175 769 2230 manum,
786 2153 928 2214 amictum
949 2151 1086 2212 reciden-

147 2257 220 2320 tem,
237 2256 352 2326 gestum
374 2241 556 2315 distinctum,
573 2259 682 2300 vocem
705 2236 834 2299 sermoni
856 2234 1033 2317 proximam,
1051 2253 1087 2294 ac

148 2341 261 2390 tantum
276 2325 435 2402 acriorem,
454 2345 559 2386 sonum
582 2321 751 2404 simplicem
765 2317 1002 2401 frequentissime
1016 2336 1087 2399 pos·

147 2412 262 2490 tulabit,
276 2412 305 2473 in
321 2411 366 2473 his
383 2411 535 2483 duntaxat,
557 2407 597 2480 Q.
613 2406 692 2466 enim
708 2403 872 2486 Ligurius,
887 2422 955 2462 curn
970 2411 1041 2462 esset
1054 2401 1089 2460 in

111 2495 261 2580 adscire
283 2497 372 2558 nullu
391 2493 462 2554 belli
484 2492 628 2574 suspicio,
646 2503 688 2568 et,
707 2487 747 2550 A.
771 2486 931 2550 Cluentius
956 2483 1089 2546 Habitus

145 2593 233 2666 poter
255 2581 391 2664 hujusce.
441 2577 532 2641 Aliud
556 2576 583 2636 in
607 2575 713 2638 eadem
737 2586 863 2658 poscent
885 2571 1023 2645 affectus,
1040 2569 1088 2630 vel

148 2665 309 2740 concitate,
322 2662 426 2725 Nubit
438 2681 550 2744 genero
565 2681 692 2736 socrus3
714 2659 764 2722 vel
779 2657 905 2734 flebiles,
924 2653 1088 2718 Constitui·

148 2761 199 2812 tur
212 2750 249 2810 iu
256 2745 329 2830 soro
346 2746 516 2810 Laodiceae
532 2747 734 2829 spectaculum
749 2743 889 2806 acerbum
905 2752 932 2804 ct
947 2741 1088 2804 miserunt

148 2835 202 2898 toti
218 2833 310 2896 Asiae
322 2834 509 2917 prouinciae.

114 2941 142 2982 tn
193 2919 329 2984 Maxime
352 2919 432 2983 varia
455 2933 486 2980 et
511 2915 668 2998 multiplex
694 2915 774 2977 actio
797 2927 843 2975 est
869 2911 1087 2994 probationum.

149 3005 229 3070 Nam
260 3019 290 3067 et
317 3023 498 3087 proponere,
522 3000 635 3080 partiri,
652 2999 844 3077 interrogare,
866 2993 994 3054 sermoni
1024 3006 1091 3052 sunt

149 3091 299 3176 proxima,
317 3101 348 3148 et
363 3083 630 3148 contradictionem
651 3101 779 3142 sumere.
826 3075 905 3138 Nam
921 3096 957 3139 ea
971 3096 1090 3158 quoque

150 3174 269 3236 diversa
283 3169 449 3256 propositio
466 3181 521 3230 est.
569 3163 635 3228 Sed
652 3165 728 3227 hanc
740 3177 841 3226 tamen
855 3161 1013 3246 aliqnando
1029 3159 1091 3222 irri-

150 3259 267 3335 dentes,
283 3255 441 3340 aliquando
461 3253 609 3316 imitantes
633 3248 874 3335 pronunciamus.
924 3246 1091 3331 Argumen-

115 3344 224 3409 sstatio
239 3343 415 3428 plerumque
431 3339 545 3424 agilior,
564 3350 594 3399 et
608 3336 716 3414 acrior,
735 3349 766 3398 et
783 3334 947 3414 instantior,
965 3355 1091 3398 consen·

150 3430 273 3494 tientem
297 3425 421 3491 orationi
448 3424 577 3510 postulat
599 3421 689 3486 etiarn
711 3436 839 3506 gestum,
856 3421 886 3484 id
909 3436 966 3500 est,
983 3419 1091 3482 fortem

150 3515 346 3580 celeritatem.
394 3511 568 3576 Instandum
583 3508 759 3593 quibusdam
773 3508 804 3571 in
818 3508 963 3593 partibus,
974 3516 1005 3565 et
1019 3501 1091 3562 den·

152 3601 245 3665 sanda
260 3599 365 3664 oratio.
