2459 4200
340 311 493 358 snnncrs
511 311 660 369 quanam
676 314 813 360 caetra.
1020 305 1062 366 ta

8 495 9 498 ¹
119 458 291 527 certaminis
304 475 485 548 potestatem
500 485 507 525 :
524 465 564 528 ita
579 487 637 528 nac
652 466 789 550 superior
802 487 945 532 successu
956 489 1061 532 curam

117 548 300 623 remittebat,
319 562 349 611 et
365 548 450 610 dolor
465 551 575 613 victum
592 551 630 613 ad
645 551 854 634 depellendam
869 553 1060 637 ignominiam

117 632 300 697 concitabat.
349 633 387 695 Id
409 634 495 697 nobis
518 635 649 698 acriores
671 637 710 698 ad
730 636 825 700 studit
841 637 961 702 dicendi
975 637 1059 703 iaces

118 719 300 796 subdidisse,
325 738 413 800 quam
436 719 657 784 exhortationes
681 722 864 799 docentium,
888 723 1058 822 pedagogo·

98 819 185 866 ⁵rum
200 803 379 880 custodiam,
394 817 463 866 vota
479 820 643 888 parentum,
656 821 796 889 quantum
811 808 900 872 animi
915 809 974 872 mei
986 829 1058 872 con·

115 887 234 972 jectura
250 888 393 971 colligere
409 909 543 972 possum,
562 892 777 954 contenderim.

109 1021 121 1048 -,
164 972 230 1038 Sed
245 974 323 1036 sicut
338 973 482 1038 firmiores
498 975 528 1036 in
539 975 632 1038 literis
646 975 798 1059 proiectus
810 977 862 1040 alit
876 978 1035 1042 aemulatio
1048 999 1058 1056 3

118 1057 160 1121 ita
178 1057 398 1142 incipientibus,
416 1073 505 1142 atque
526 1061 624 1124 adhuc
646 1063 767 1139 teneris,
785 1063 1059 1148 condiscipulonrm

13 1188 15 1190 -
119 1163 210 1226 quam
232 1143 435 1229 praeceptoris
453 1143 626 1229 jucundior,
650 1147 709 1210 boc
732 1147 800 1229 ipso
822 1149 904 1231 quod
928 1148 1056 1221 facilior,

85 1243 113 1283 ιο
121 1227 248 1290 imitatio
275 1242 331 1290 est.
378 1228 441 1291 Vix
468 1230 603 1292 enimse
627 1231 722 1313 prima
744 1231 891 1294 elementa
912 1234 951 1294 ad
972 1251 1059 1314 spem

121 1312 229 1374 tollere
245 1313 437 1395 effingendae,
454 1334 544 1397 quam
567 1335 713 1376 summam
738 1329 854 1398 putant,
872 1316 1059 1398 eloquentiae

118 1397 291 1460 audebunt:
314 1399 450 1481 proxima
474 1399 693 1482 amplectuntur
713 1398 816 1482 magis,
833 1413 865 1461 ut
879 1399 956 1462 vites
971 1400 1058 1464 arbo·

117 1481 199 1545 ribus
222 1481 392 1565 applicitae,
411 1481 563 1546 inferiores
582 1483 664 1567 prius
679 1484 931 1568 apprehendendo
945 1505 1056 1564 ramos,

118 1567 150 1628 in
165 1566 318 1630 cacumina
335 1567 473 1630 evadunt.
521 1568 615 1638 Quod
636 1569 713 1632 adeo
728 1589 832 1632 verum
847 1583 904 1648 est,
918 1584 951 1632 ut
964 1570 1058 1654 ipsius

84 1652 210 1714 raetiam
225 1651 367 1735 magistri,
385 1653 409 1714 si
425 1667 523 1716 amen
538 1653 701 1717 ambitiosis
720 1654 802 1717 utilia
821 1653 982 1752 praeferet,
998 1655 1057 1718 boc

117 1757 195 1820 opus
218 1737 268 1815 sit,
285 1757 354 1799 cum
370 1737 467 1800 adbuc
482 1738 565 1801 rudia
581 1738 718 1801 tractabit
733 1739 860 1821 ingenia,
877 1761 937 1801 non
958 1740 1059 1802 atatim

118 1842 244 1885 onerare
274 1821 472 1884 infirmitatem
497 1823 687 1901 discentium,
711 1825 767 1886 sed
789 1837 956 1906 temperare
978 1823 1057 1885 vires

118 1928 201 1982 suas,
218 1921 251 1969 et·
262 1907 299 1968 ad
320 1907 502 1969 intellectum
524 1908 670 1970 audientis
689 1907 884 1970 descendere.
932 1905 1011 1970 Nam
1027 1922 1058 1970 ut

118 1991 240 2054 vascula
269 1990 330 2053 oris
356 1991 469 2074 angusti
493 1991 679 2076 superfusam
696 1992 830 2055 humoris
849 1993 968 2077 copiam
995 2014 1061 2057 res·

83 2091 235 2161 spuunt3
260 2075 372 2140 sensim
398 2091 495 2140 autem
522 2078 722 2157 induentibus,
738 2078 788 2141 vel
808 2077 899 2142 etiam
913 2078 1058 2143 instillatis

119 2162 330 2246 complentcr3
363 2162 407 2225 sic
437 2162 526 2225 animi
556 2184 715 2247 puerorum
744 2178 886 2245 quantum
914 2164 1058 2247 excipere

117 2248 246 2331 possint,
261 2246 422 2309 ridendum
433 2260 488 2310 est.
521 2248 601 2311 Nam
610 2248 723 2331 majora
733 2248 896 2325 intellectu,
908 2248 990 2310 velut
1005 2268 1058 2331 pa·

118 2352 187 2393 rum
209 2346 326 2415 apertos
342 2332 390 2395 =ad
417 2332 657 2415 percipiendum,
682 2331 795 2393 animos
821 2352 881 2391 non
908 2332 1055 2393 subibunt.

121 2414 208 2479 Utile
223 2416 367 2499 igiturest
384 2418 507 2491 habere,
525 2436 600 2499 quos
623 2413 730 2476 imitari
753 2413 892 2497 primum,
908 2434 980 2477 mox
995 2415 1060 2477 vin·

81 2522 192 2573 necere
207 2502 291 2565 velis.
332 2502 379 2565 Ita
394 2501 534 2585 paulatim
550 2515 581 2563 et
596 2498 782 2584 superiorum
797 2520 867 2583 spes
882 2498 948 2563 erit.

163 2584 224 2651 His
239 2586 361 2673 adjici0,
379 2600 591 2670 praeceptores
614 2586 697 2669 ipsos
718 2607 779 2648 non
801 2586 882 2649 idem
899 2586 1006 2650 mentis
1021 2608 1059 2651 ac

117 2672 238 2755 spiritis
249 2672 281 2734 in
292 2672 421 2736 dicendo
436 2690 527 2755 posse
542 2671 704 2754 concipere
714 2670 835 2753 singulis
846 2684 960 2735 tantmn
971 2693 1061 2755 prae·

119 2758 262 2835 sentibus,
292 2757 373 2841 quod
403 2756 452 2819 illa
481 2757 654 2821 celebritate
680 2754 861 2819 audientium
887 2756 1056 2820 instinctos..

120 2840 257 2905 Maxima
272 2843 352 2905 enirn
366 2863 432 2925 pars
443 2841 611 2925 eloquentia
627 2852 744 2903 constat
759 2840 869 2903 animo.
911 2840 1057 2905 Huneat-

82 2928 181 3006 nnfici‚
198 2929 279 2990 hunc
310 2927 470 3010 concipere
499 2927 641 3011 imagines
666 2948 777 3003 rerum,
798 2941 828 2990 et
857 2924 1061 2990 transformari

118 3012 341 3097 quodammodo
362 3012 399 3074 ad
422 3026 555 3075 naturam
577 3032 693 3089 eorum,
710 3012 749 3072 de
771 3012 876 3093 quibus
899 3010 1056 3092 loquimur,

118 3096 248 3161 necesse
271 3110 327 3159 est.
375 3095 407 3160 Is
430 3118 531 3180 porro,
549 3117 608 3179 quo
627 3094 800 3177 generosior
815 3094 984 3172 celsiorque
998 3107 1057 3170 est,

119 3181 183 3243 bec
205 3182 364 3265 majoribus
386 3183 467 3245 velut
489 3180 606 3263 organis
630 3189 859 3239 commovetur:
883 3175 1011 3259 ideoque
1027 3192 1059 3242 et

117 3265 210 3329 laude
237 3267 356 3345 crescit,
377 3282 408 3329 et
431 3267 543 3349 impetu
570 3277 702 3347 augetur,
726 3275 758 3325 et
781 3260 891 3345 aliquid
920 3284 1059 3348 magnum

83 3345 208 3437 magere
223 3352 340 3435 gaudet.
386 3350 445 3415 Est
462 3350 609 3434 quaedam
627 3349 717 3412 tacita
739 3348 920 3432 dedignatio,
936 3350 998 3412 vim
1013 3351 1058 3413 di·

118 3438 220 3515 cendi,
234 3438 322 3500 tantis
338 3449 541 3521 comparatam
556 3435 717 3513 laboribus,
732 3434 770 3498 ad
785 3457 876 3498 unum
890 3435 1060 3499 auditorem
1076 3495 1080 3503 ,

119 3522 290 3587 demittere.
338 3522 440 3586 Pudet
462 3542 550 3605 supra
567 3520 690 3584 modum
705 3522 849 3584 sermonis
864 3521 968 3584 attolli.
1014 3515 1059 3577 Et

118 3628 193 3671 sane
207 3608 362 3693 concipiat
376 3608 441 3692 quis
456 3620 555 3671 mente
570 3606 621 3670 rel
638 3606 830 3671 declamantis
848 3606 992 3677 habitum,
1008 3596 1062 3663 vel·
