2459 4200
368 291 520 336 sensura
539 292 689 345 annnam
707 297 843 340 carrsr.
1030 287 1092 352 tat

143 443 233 523 sacia,
252 459 284 506 et
310 457 394 508 actus
419 443 594 508 histrionum
621 447 698 510 veris
723 449 892 514 affectibus.
939 450 1036 524 Quod
1061 453 1093 520 in

142 530 327 596 orationibus
350 550 470 614 quoque
494 532 603 594 evenit.
652 531 790 617 Namque
813 535 869 614 eis,
885 558 963 621 quae
984 538 1015 602 in
1037 561 1091 604 ex·

141 617 277 701 emplum
300 614 490 694 assumimus,
508 617 609 680 subest
633 633 734 682 natura
756 637 787 682 et
802 641 873 684 vera
892 622 962 686 vis:
984 638 1091 690 contra
1127 687 1131 700 ,

143 702 242 766 omnis
261 700 387 764 imitatio
403 701 473 764 ficta
493 716 550 781 est,
568 717 598 766 et
620 704 659 766 ad
680 705 809 768 alienum
831 707 1019 790 propositum
1036 731 1090 774 ac·

119 787 364 852 acommodatum
413 785 487 858 Quo
515 788 558 866 fit,
576 804 607 852 ut
630 789 726 866 miuus
750 791 899 875 sanguinis
926 815 962 856 ae
984 793 1093 858 virium

145 872 378 937 declamationes
409 872 549 950 habeant,
566 895 657 957 quam
686 876 858 940 orationes:
881 877 951 962 quia
974 877 1005 943 in
1034 878 1091 946 illis

142 979 228 1036 vera,
246 958 275 1020 iu
290 957 335 1020 his
351 956 520 1021 assimulata
535 960 659 1024 materia
674 976 730 1024 est.

188 1043 283 1106 Adde
299 1042 380 1126 quod
397 1063 443 1120 ea,
461 1065 537 1127 quae
558 1045 587 1108 in
608 1062 728 1110 oratore
749 1048 878 1112 maxima
899 1063 978 1128 sunt,
994 1049 1091 1116 imita·

143 1128 213 1192 bilia
230 1151 290 1192 non
305 1141 383 1206 suut,
401 1127 560 1211 ingenium,
578 1130 722 1209 inventio,
736 1133 794 1210 vis,
807 1132 944 1214 facilitas,
961 1149 993 1198 et
1005 1135 1090 1219 quic·

100 1215 215 1301 mquid
239 1229 301 1277 arte
324 1235 383 1276 nou
406 1213 539 1288 traditur.
588 1215 666 1279 Ideo
690 1218 835 1301 plerique,
853 1241 923 1282 cum
940 1219 1034 1282 verba
1052 1239 1092 1282 ex

144 1298 327 1364 orationibus
343 1315 572 1381 excerpserunt,
586 1314 636 1364 aut
651 1301 766 1385 aliquos
782 1303 1009 1386 compositionis
1025 1303 1108 1366 cer-x

145 1399 193 1450 tos
208 1386 315 1470 pedes,
334 1383 407 1448 mire
424 1405 440 1446 a
456 1407 501 1462 se,
519 1407 595 1469 quae
611 1386 757 1470 legerunt,
774 1387 873 1470 effingi
893 1387 1090 1452 arbitrantur:

144 1493 214 1536 eum
231 1486 262 1534 et
277 1470 369 1533 verba
390 1470 569 1550 intercidant,
584 1471 825 1557 invalescantque
845 1472 1042 1556 temporibus,
1060 1487 1092 1537 ut

145 1578 272 1640 quorum
288 1555 452 1620 certissima
468 1555 506 1618 sit
521 1557 620 1640 regula
636 1557 664 1620 in
679 1558 906 1638 consuetudine,
921 1579 1017 1643 eaque
1031 1579 1092 1622 non

108 1668 139 1708 rs
146 1663 200 1706 aua
215 1656 319 1706 natura
334 1640 391 1704 sint
406 1640 484 1704 bona
500 1656 549 1705 aut
569 1643 659 1720 mala,
681 1643 763 1729 (nam
778 1666 833 1728 per
847 1665 881 1707 se
896 1645 962 1708 soni
976 1657 1092 1708 tanturn

145 1727 241 1812 suut,)
262 1727 315 1790 sed
332 1739 421 1811 prout
436 1742 603 1810 opportune
624 1729 803 1812 proprieque
823 1744 874 1791 aut
892 1749 981 1790 secus
995 1727 1090 1790 collo·

146 1827 214 1878 eata
229 1825 296 1876 sunt
312 1833 320 1888 3
344 1826 373 1875 et
392 1812 573 1896 compositio
596 1835 666 1874 cum
685 1813 774 1875 rebus
795 1811 1025 1874 accommodata
1039 1809 1089 1886 sit,

145 1912 212 1960 tum
228 1897 293 1980 ipsa
307 1897 446 1960 varietate
462 1896 636 1978 gratissima.

194 1981 385 2066 Quapropter
411 1981 605 2046 exactissimo
626 1981 743 2069 judicio
765 1981 847 2046 circa
872 1981 950 2046 hanc
974 1995 1092 2068 partem

109 2067 312 2135 nstudiorun
327 2066 522 2131 examinanda
542 2083 608 2133 sunt
623 2068 732 2133 omnia.
781 2066 928 2147 Primum,
945 2090 1021 2155 quos
1035 2068 1091 2132 irn-

148 2154 254 2217 itemur
270 2174 277 2211 ε
301 2174 371 2215 nam
386 2166 454 2215 sunt
465 2153 593 2236 plurimi,
607 2155 657 2236 qui
672 2154 893 2217 similitudinem
904 2155 1028 2237 pessimi
1039 2175 1092 2215 cu·

144 2237 254 2326 jusque
278 2251 308 2301 et
332 2237 547 2319 corruptissimi
572 2238 798 2320 concupierunt.
847 2237 932 2299 Turn
953 2237 984 2297 in
1005 2236 1090 2317 ipsis,

148 2345 222 2409 quos
239 2322 426 2406 elegerimus,
438 2322 509 2406 quid
525 2322 574 2399 sit,
587 2322 626 2383 ad
636 2321 717 2404 quod
733 2342 788 2383 nos
804 2320 994 2382 efficiendum
1008 2340 1091 2383 com-

148 2430 298 2493 paremus.
346 2406 425 2470 Nam
443 2407 473 2468 in
493 2406 606 2488 magnis
625 2426 745 2488 quoque
767 2404 937 2467 auctoribus
959 2402 1093 2468 incidunt

113 2493 247 2578 asaliqua
261 2492 380 2571 vitiosa,
398 2505 428 2554 et
443 2514 460 2554 a
476 2492 575 2554 doctis
595 2489 673 2553 inter
692 2491 775 2574 ipsos
796 2488 887 2553 etiam
907 2503 1010 2551 mutuo
1024 2510 1092 2573 rep-

148 2579 284 2650 rehensa.
333 2576 437 2662 Atque
460 2577 570 2641 utinam
598 2592 659 2639 tam
682 2576 760 2640 buna
788 2574 936 2639 imitantes
959 2574 1093 2639 dicerent

149 2664 266 2742 melina,
283 2685 373 2748 quam
388 2662 464 2725 mala
481 2660 565 2748 pejus
582 2663 695 2726 dicunt.

194 2748 260 2814 Nec
276 2770 350 2814 vero
369 2747 474 2811 saltem
494 2748 541 2825 iis,
560 2748 666 2833 quibus
687 2749 725 2812 ad
745 2748 883 2813 evitanda
897 2746 968 2813 vitia
986 2747 1093 2833 judicii

150 2834 300 2912 satisfuit,
318 2833 445 2899 sufficiat
461 2832 618 2918 imaginem
633 2835 748 2899 virtutis
764 2835 833 2898 effin
854 2857 917 2912 ere,
934 2849 965 2898 et
984 2834 1091 2913 solam,

115 2921 241 2987 anutsic
257 2920 397 2997 dixerim,
414 2933 526 2997 cutem,
544 2920 593 2981 vel
615 2920 714 3002 potius
737 2921 800 2983 illas
854 2919 951 3000 picuri
972 2918 1094 2999 figuras,

149 3028 223 3091 quas
245 3028 262 3068 e
281 3004 403 3068 summis
419 3004 597 3085 corporibus
621 3004 693 3063 dicit
716 3004 848 3063 effluere.
897 2999 971 3060 Hoc
993 3013 1098 3061 autern

149 3092 195 3155 his
219 3088 341 3164 accidit,
359 3086 408 3169 qui
430 3106 489 3148 non
516 3085 706 3167 introspectis
732 3082 849 3163 penitus
871 3078 1039 3157 virtutibus,
1056 3082 1095 3143 ad

148 3176 280 3261 primurn
300 3193 333 3233 se
355 3170 434 3231 velut
457 3183 613 3251 aspectum
634 3166 774 3228 orationis
798 3176 957 3248 aptarunt:
980 3178 1096 3228 etcum

148 3262 186 3325 iis
203 3255 376 3321 felicissime
398 3253 489 3316 cessit
510 3252 646 3328 imitatio,
663 3250 762 3314 verbis
780 3264 869 3333 atque
883 3249 1013 3314 numeris
1029 3268 1096 3318 suut

117 3368 210 3411 arnon
234 3342 358 3405 multum
381 3338 564 3416 differentes,
584 3338 643 3402 vim
665 3336 784 3401 dicendi
807 3349 895 3420 atque
917 3336 1094 3403 inventionis

52 3450 55 3465 ·
152 3453 211 3495 non
234 3440 440 3513 assequuntur,
458 3426 512 3489 sed
535 3424 710 3509 plerumque
727 3422 877 3487 declinant
899 3423 927 3487 in
949 3424 1048 3509 pejus,
1065 3438 1096 3487 et

153 3516 290 3602 proxima
316 3512 470 3577 virtutibus
497 3511 569 3574 vitia
595 3509 864 3593 comprehendunt,
882 3510 1013 3591 fiuntque
1033 3526 1095 3651 pro

154 3600 310 3686 grandibus
331 3598 447 3677 tumidi,
465 3595 576 3682 pressis
596 3596 703 3675 exiles,
719 3594 843 3659 sortibus
863 3590 1022 3666 temerarii,
1044 3610 1094 3651 aa·
