2459 4200
325 283 480 333 snuacra
499 283 649 338 ausura:
665 285 802 334 curtra-
1005 275 1068 339 189

123 439 205 516 tima,
219 457 278 500 nec
294 435 426 519 protinus
442 435 635 502 offerentibus
651 458 685 503 se
699 438 878 522 gaudeamus
893 461 902 502 :
924 439 1068 509 adhibea-

122 539 168 593 tur
192 521 344 609 judicium
376 521 514 600 inventis,
539 523 696 607 dispositio
725 523 869 610 probatis.
914 524 1068 594 Delectus

122 607 201 673 enirn
222 627 323 670 rerum
337 608 558 692 verborumque
580 609 710 693 agendus
733 623 791 689 est,
808 624 839 674 et
860 611 994 698 pondera
1008 613 1068 678 siu·

121 693 258 779 gulorum
274 691 482 756 examinanda.

101 805 114 845 s
134 849 138 852 Δ
168 777 246 842 Post
260 777 365 841 subeat
376 779 450 840 ratio
462 778 643 858 collocandi,
654 793 868 867 versenturque
879 781 962 846 omni
976 781 1069 848 modo

122 863 262 930 numeri:
285 884 356 941 non,
374 877 405 926 ut
420 865 560 948 qnodque
582 887 615 928 se
631 863 762 949 proferet
782 867 920 945 verbum,
937 881 1070 951 occupet

122 947 235 1016 locum.
283 947 374 1020 Quae
390 949 509 1032 quidem
526 964 557 1013 ut
571 951 739 1035 diligentius
754 973 965 1038 exsequamur,
981 974 1069 1038 repe·

122 1035 213 1102 tenda
228 1033 348 1119 saepius
365 1047 449 1099 erunt
467 1035 646 1121 scriptorum
661 1037 809 1122 proxima.
855 1038 935 1104 Nam
950 1052 1070 1125 praeter

123 1119 166 1198 id,
184 1120 267 1205 quod
282 1119 325 1184 sic
342 1119 447 1184 melius
461 1119 623 1205 junguntur
638 1122 785 1205 prioribus
803 1124 970 1208 sequentia,
986 1123 1070 1188 calor

91 1225 244 1290 :equoque
261 1203 310 1266 ille
326 1205 524 1288 cogitationis,
542 1206 592 1288 qui
613 1207 763 1270 scribendi
781 1229 866 1272 mora
880 1207 1006 1285 refrixit,
1022 1227 1069 1271 re·

69 1337 72 1342 -
123 1290 253 1374 cipitur
268 1289 383 1373 integro
398 1290 538 1368 vires-ct
551 1289 634 1354 velut
647 1291 776 1374 repetito
794 1292 892 1375 spatio
910 1291 1001 1356 sumit
1014 1291 1070 1354 im·

124 1388 252 1460 petum3
281 1376 363 1458 quod
389 1375 419 1438 in
446 1374 608 1440 certamine
634 1375 760 1440 saliendi
785 1377 849 1440 fieri
873 1376 1022 1454 videmus,
1038 1389 1071 1442 ut

125 1473 265 1525 conatum
287 1460 402 1544 longius
427 1473 537 1546 petant,
556 1475 585 1524 et
607 1461 645 1524 ad
669 1461 739 1526 illud
762 1462 854 1541 aliud,
870 1483 931 1547 quo
945 1475 1069 1528 conten·

124 1546 215 1624 ditur,
233 1545 360 1630 spatium
379 1567 467 1609 cursu
486 1544 639 1612 fetantur:
663 1561 695 1612 ut
717 1547 747 1610 in
764 1546 928 1633 jaculando
947 1548 1070 1614 brachia

93 1632 309 1708 rsreducimus,
326 1645 367 1708 et,
386 1631 536 1716 expulsuri
552 1631 623 1710 tela,
640 1655 750 1700 nervos
765 1648 845 1699 retro
862 1634 1022 1698 tendimus.

170 1717 294 1782 Interim
310 1731 422 1794 tamen,
439 1717 464 1780 si
482 1716 559 1782 seret
579 1718 677 1794 flatus,
695 1720 793 1782 danda
814 1734 883 1783 sunt
901 1719 980 1793 vela,
998 1718 1071 1782 dum

124 1823 180 1866 uos
196 1802 375 1885 indulgentia
390 1802 437 1866 illa
453 1822 514 1865 non
525 1800 614 1866 fallat.
655 1802 765 1867 Omnia
780 1804 988 1877 mimnosua,
1000 1801 1071 1864 dum

124 1901 300 1964 nascuntur,
318 1887 458 1970 placent:
482 1887 592 1971 alioqui
605 1909 664 1950 nec
682 1885 892 1951 scriberentur.
941 1884 1008 1952 Sed
1022 1905 1069 1951 te·

126 1973 253 2038 deamus
269 1972 305 2034 ad
322 1971 482 2057 judicium,
500 1985 531 2036 et
545 1986 741 2037 retractemus
761 1987 933 2058 suspectam
946 1970 1070 2037 facilita-

91 2072 202 2125 attem.
252 2057 306 2124 Sic
333 2058 491 2143 scripsisse
518 2058 692 2125 Sallustium
714 2059 913 2146 accepimus:
943 2073 975 2125 et
997 2075 1071 2125 sane

126 2142 297 2209 manifestus
321 2158 366 2207 est
389 2144 479 2207 etiarn
501 2166 541 2207 ex
564 2166 657 2228 opera
679 2146 746 2229 ipso
769 2147 864 2211 labor.
912 2145 1071 2226 Virgilium

125 2251 246 2377 qpoque
269 2230 465 2315 paucissimos
482 2230 531 2293 die
553 2230 763 2313 composuisse
776 2251 881 2293 versus
899 2240 1006 2291 auctor
1025 2240 1073 2290 est

161 2336 239 2379 arus.

171 2400 306 2464 Oratoris
322 2401 442 2484 quidem
459 2400 516 2463 alia
532 2397 667 2461 conditio
682 2411 738 2461 est.
786 2395 894 2480 Itaque
908 2396 986 2458 hanc
1006 2412 1071 2459 tao·

92 2504 190 2550 taram
206 2500 236 2549 et
250 2486 481 2551 sollicitudinem
497 2484 584 2547 initiis
600 2484 727 2568 impero.
775 2482 854 2547 Nam
870 2482 997 2566 primum
1012 2480 1071 2547 hoc

128 2572 380 2649 constituendum,
402 2572 461 2635 hoo
487 2570 680 2634 obtinendum
710 2584 768 2648 est,
785 2584 818 2635 ut
843 2589 932 2652 quam
958 2566 1072 2653 optime

127 2656 316 2721 scribamus:
347 2657 532 2719 celeritatem
555 2656 637 2718 dabit
665 2655 864 2720 consuetudo.
911 2652 1072 2718 Paullatim

126 2762 178 2807 res
201 2738 314 2809 facilius
337 2765 370 2807 so
390 2742 562 2821 ostendent,
579 2743 670 2805 verba
690 2742 925 2826 respondebunt,
943 2760 1072 2824 compo

127 2826 196 2895 sirio
224 2844 443 2914 prosequetur:
468 2842 576 2891 cuncta
595 2828 736 2911 denique,
753 2844 785 2891 ut
810 2828 838 2891 in
861 2826 971 2891 familie
994 2826 1073 2890 berte

94 2912 268 2991 miustitutu,
286 2914 316 2977 in
336 2913 438 2977 officio
458 2928 552 2976 erunt.
603 2913 730 2977 Summa
752 2914 828 2976 haec
851 2926 898 2973 est
919 2911 987 2973 rei:
1012 2910 1073 2972 cito

126 2998 287 3067 scribendo
303 3018 363 3061 non
375 2998 418 3073 fit,
431 3012 462 3058 ut
477 2998 554 3059 bene
571 2998 714 3057 scribatur
730 3016 738 3054 :
761 2997 841 3055 bene
854 2992 1016 3054 scribendo
1028 2992 1071 3065 fit,

126 3097 158 3153 ut
173 3096 247 3229 girl
260 3176 322 3225 tum
343 3162 485 3239 maxime,
503 3184 571 3225 cum
588 3160 713 3223 facultas
732 3159 782 3221 illa
799 3155 968 3241 contigerit,
985 3155 1075 3223 resis-

125 3266 236 3325 tamus,
253 3262 285 3315 ut
307 3246 528 3333 provideamus,
546 3261 575 3311 et
596 3244 775 3310 ferocientes
796 3264 890 3329 equos
904 3240 995 3309 frenis
1010 3244 1074 3330 qui·

94 3336 254 3405 asbusdam
266 3339 464 3399 coerceamus
481 3355 488 3395 :
508 3333 588 3417 quod
600 3352 661 3397 non
671 3345 733 3396 tam
744 3353 858 3397 moram
869 3329 1073 3417 faciet,quam

126 3443 223 3494 novos
239 3421 367 3506 impetus
383 3418 473 3485 dabit.

171 3506 279 3593 Neque
302 3507 381 3572 enim
395 3527 495 3569 rursus
511 3526 577 3583 eos,
594 3504 645 3587 qui
659 3505 749 3571 robur
764 3505 885 3590 aliquod
900 3504 932 3567 in
945 3503 1014 3565 stilo
1028 3500 1072 3563 fe

130 3593 235 3670 canat,
252 3594 289 3659 ad
310 3592 460 3659 infelicem
483 3591 681 3655 calumniandi
702 3614 736 3657 se
758 3608 886 3676 menam
909 3583 1072 3669 alligandos
