2459 4200
339 293 494 343 snaaarr
512 294 661 348 ausuras
678 298 814 343 csrrrr.
1005 289 1064 347 171

119 456 267 508 tracturus
291 445 420 508 Graecis
434 446 558 510 testibus
573 448 676 527 lidem,
690 448 858 513 doctrinam
873 450 910 515 iis
926 454 1067 518 concedit

118 552 157 593 ac
177 530 292 608 literas,
310 552 404 616 seque
420 531 483 616 ejus
502 532 596 615 gentis
617 548 781 597 amatorem
800 558 868 599 esse
891 538 1066 621 profitetur3

124 615 242 679 Sardos
271 618 461 693 contemnit3
484 616 671 701 Allobrogas
696 634 728 682 ut
757 621 859 685 hostes
882 622 1065 687 insectatur:

120 720 247 784 quorum
262 701 333 764 nihil
349 716 431 778 tunc,
443 724 512 765 cum
528 704 689 782 diceretur,
707 726 812 789 parum
827 720 941 791 aptum,
955 725 1006 773 aut
1019 732 1066 773 re·

98 800 237 849 emotum
253 808 322 849 cura
337 788 456 851 decoris
471 787 534 853 suit.

169 872 340 935 Verborum
367 872 456 936 etiam
486 874 692 938 moderatione
715 876 828 939 detrahi
855 877 943 955 solet,
961 878 986 941 si
1009 874 1093 962 qua'

121 958 225 1020 estrei
241 957 363 1035 invidia,
376 958 401 1021 si
417 978 556 1039 asperam
567 960 652 1023 dicas
666 961 796 1023 nimiam
811 982 955 1040 severam,
968 965 1066 1048 iajas-

120 1052 182 1104 tam
193 1044 392 1125 persuasione
417 1044 491 1122 labi,
503 1045 688 1126 pertinacem
702 1047 776 1109 ultra
795 1048 918 1111 modurn
934 1060 1067 1113 tenacem

121 1148 181 1189 esse
199 1129 374 1210 propositi:
404 1129 578 1213 plerumque
601 1132 682 1195 velut
705 1131 794 1214 ipsos
810 1135 929 1197 coneris
951 1136 1067 1198 ratione

87 1212 255 1291 revincere,
273 1214 355 1297 quod
371 1229 416 1277 est
432 1215 647 1277 mollissimum.
854 1245 856 1250 ¹

166 1298 350 1363 Indaeorum
373 1314 418 1362 est
441 1321 531 1383 super
554 1300 631 1362 baec
652 1322 743 1363 omne
766 1301 912 1363 nimium:
937 1303 1066 1385 ideoque

122 1383 213 1447 etiam
227 1385 308 1467 quod
323 1398 423 1469 natura
438 1385 480 1447 rei
496 1384 567 1447 satis
583 1399 686 1468 aptum
701 1399 758 1463 est,
769 1385 825 1447 nisi
841 1387 933 1449 modo
947 1408 1067 1470 quoque

121 1484 317 1553 temperatur,
336 1470 458 1552 gratiam
473 1470 581 1553 perdit.
629 1469 726 1554 Cujus
742 1470 785 1533 rei
800 1471 971 1535 observatio
985 1471 1066 1556 judi·

39 1614 42 1619 .
122 1554 173 1616 cio
189 1556 282 1637 magis
297 1556 426 1638 quodam
442 1556 554 1633 sentiri,
572 1576 661 1639 quam
676 1556 846 1642 praeceptis
862 1558 937 1621 tradi
951 1572 1064 1642 potest.

89 1638 279 1709 rsQuantum
304 1641 375 1704 satis
398 1641 447 1717 sit,
466 1655 496 1703 et
518 1655 659 1724 quantum
682 1642 828 1726 recipiant
850 1664 947 1706 aures.
995 1643 1066 1705 Non

120 1725 213 1788 habet
236 1726 311 1788 haec
334 1748 382 1789 res
405 1747 573 1789 mensuram
596 1740 626 1788 et
641 1727 725 1808 quasi
747 1728 875 1809 pondus,
893 1728 974 1809 quia,
990 1741 1021 1788 ut
1036 1728 1066 1789 in

122 1810 213 1887 cibis,
231 1810 288 1872 alia
302 1810 365 1874 aliis
382 1811 475 1893 magis
492 1810 656 1893 complent.
724 1822 727 1825 ’
805 1815 808 1820 ‘

170 1878 385 1977 Ausetanum
400 1896 491 1957 etiam
505 1894 636 1956 breviter
650 1894 871 1975 vidensque
885 1892 948 1956 rere
963 1894 1066 1957 arcen-

123 1978 157 2041 di
169 1978 292 2041 virtutes
305 1980 522 2043 diversissimae
537 2001 597 2042 nos
613 1978 710 2042 solum
726 2000 795 2041 suos
810 1994 958 2042 amatores
974 1980 1066 2043 habe-

88 2076 186 2142 ssant,
199 2064 253 2127 sed
268 2065 305 2128 ab
321 2066 434 2129 eisdem
451 2086 541 2148 saepe
557 2065 722 2128 laudentur.
769 2062 847 2127 Nam
863 2064 977 2129 Cicero
989 2087 1066 2149 quo·

123 2151 192 2213 dam
207 2149 277 2212 loco
295 2152 409 2228 scribit,
426 2151 460 2212 id
480 2172 539 2212 esse
560 2152 716 2232 optimam,
734 2151 812 2231 qaod
835 2172 903 2212 cam
925 2162 951 2212 te
966 2150 1066 2231 facile

125 2235 290 2297 credideris
304 2238 445 2319 consepto
459 2237 640 2310 imitatione,
656 2255 717 2294 aaa
734 2236 842 2314 passis.
892 2233 965 2294 Alio
979 2255 1065 2309 vero,

123 2341 187 2382 aaa
200 2321 235 2382 id
251 2321 358 2402 egisse,
376 2331 409 2382 at
427 2322 472 2382 ita
487 2323 609 2395 diceret,
629 2319 773 2400 quamodo
794 2337 823 2378 se
839 2317 965 2397 quilibet
981 2337 1067 2396 posse

124 2403 298 2487 confideret,
315 2406 366 2466 sed
386 2406 530 2488 quomoda
553 2404 658 2466 nemas
696 2401 791 2471 Quod
813 2413 914 2482 potest
936 2421 1067 2482 pugnare

88 2488 201 2552 seinter
217 2511 250 2552 se
265 2490 370 2552 videri.
417 2490 534 2553 Verum
549 2503 717 2572 utrumque,
735 2508 771 2548 ac
788 2486 905 2561 merito,
918 2485 1064 2548 laudatur.

124 2572 295 2637 Causarum
317 2575 396 2640 enim
423 2575 513 2636 modo
536 2574 649 2636 distet:
673 2573 742 2655 quia
764 2571 936 2654 simplicitas
959 2571 1019 2646 illa,
1037 2585 1068 2634 et

123 2659 208 2720 velut
223 2660 366 2724 securitas
382 2659 570 2722 inaffectatae
586 2658 739 2734 orationis,
754 2657 827 2718 mire
843 2671 947 2720 tenues
962 2678 1068 2721 causas

125 2743 229 2820 decet,
245 2745 405 2829 majoribus
428 2745 498 2807 illud
522 2744 695 2808 admirabile
716 2743 836 2807 dicendi
858 2763 951 2826 genus
974 2744 1068 2826 magis

124 2829 278 2892 convenit.
327 2829 363 2892 ln
383 2843 507 2913 utroque
526 2830 637 2894 eminet
658 2829 795 2892 Cicero:
819 2830 980 2914 exquibus
996 2831 1068 2892 alte·

89 2935 189 2982 strum
213 2915 342 2998 imperiti
362 2937 395 2976 se
414 2937 503 2998 posse
520 2917 664 3000 consequi
680 2917 829 2989 credent;
851 2930 999 2989 neutrum,
1017 2912 1068 2994 qui

123 2999 300 3082 intelligunt.
351 2998 427 3081 [XI.
450 3003 496 3080 1.]
665 3084 668 3091 Δ
