2459 4200
352 229 505 290 ssunois
523 243 674 298 sunnon
690 245 826 290 ιιιιιι.
1030 233 1071 292 71

169 349 335 460 Praeclare
352 415 427 458 vero
444 397 482 460 ad
505 394 687 460 inserendam
707 395 797 460 rebus
818 396 917 460 lucem
937 413 1074 483 repertae

123 495 191 544 suut
205 481 448 558 similitudinem
472 500 595 565 quarum
609 481 683 544 uliae
703 497 782 561 sunt,
798 503 875 566 quae
892 483 1074 566 probationis

122 567 218 650 gratia
233 566 310 630 iuter
325 580 496 665 prguments
514 579 673 663 popuntur,
689 565 765 630 aliae
786 568 827 630 sd
848 568 1074 668 exprimendum

123 673 224 714 rosum
246 650 405 735 imaginem
428 650 625 734 compositae,
641 652 724 735 quod
746 666 793 716 est
814 651 902 737 hujus
921 652 983 718 loci
1003 675 1073 739 pro·

102 736 248 820 sptium:

293 887 358 896 —
368 858 431 907 Inde
443 857 494 923 lupi
505 873 552 908 osu
564 859 687 924 Raptorss
698 867 750 909 atra
760 859 785 910 in
797 859 894 910 nebula.

124 943 155 994 et
296 1008 422 1058 —Avi
432 1008 527 1068 similis
539 1025 603 1074 quaa
615 1011 709 1060 circum
719 1011 801 1070 litora
812 1012 906 1062 cusum

295 1075 409 1125 I’isoosos
420 1076 536 1141 scopulos
548 1075 647 1126 humilis
659 1077 725 1128 volat
736 1094 844 1143 aequom
852 1079 930 1144 juo„

94 1177 232 1250 ioQuo
223 1199 255 1240 m
277 1197 387 1259 genere
410 1177 440 1240 id
461 1192 507 1241 est
519 1175 692 1276 pruecippe
714 1181 955 1259 custodiendum,
971 1202 1010 1244 ne
1029 1182 1071 1259 id,

127 1263 212 1362 quod
233 1262 430 1326 similitudinis
454 1263 546 1346 gratia
565 1263 741 1360 ascivimus,
764 1278 813 1327 aut
837 1265 999 1328 obscumm
1022 1266 1072 1345 sit,

127 1363 178 1412 aut
204 1348 347 1444 ignotum.
394 1347 501 1412 Debet
525 1348 616 1426 enim,
638 1350 720 1432 quod
743 1348 930 1413 illustrandae
954 1350 1073 1417 alterius

127 1435 171 1498 rei
186 1431 280 1516 grstia
299 1433 467 1511 assumitur,
485 1433 581 1518 ipsum
598 1455 667 1497 esse
681 1433 790 1498 clarius
805 1457 854 1511 eo,
871 1436 953 1518 quod
967 1434 1073 1500 illumi·

127 1533 189 1582 nat
236 1516 342 1588 Quare
364 1518 465 1602 potitis
487 1519 692 1603 permittamus
710 1541 782 1583 sano
800 1519 949 1605 ejusmodi
969 1543 1072 1588 exem·

97 1627 122 1668 ¹⁵
129 1605 202 1689 pla·
294 1687 395 1746 Qualis,
410 1687 451 1737 ubi
462 1687 589 1738 bibsmsm
601 1689 705 1754 Lyciam
716 1689 861 1754 Xanthique
871 1690 966 1741 fluenta

297 1755 406 1812 Deserit,
418 1762 461 1803 sut
472 1755 554 1806 Delon
566 1763 702 1809 maternam
713 1754 805 1813 invisit,
817 1755 917 1820 Apollo.

132 1855 205 1920 Non
219 1857 299 1920 idem
320 1872 470 1922 oratorem
486 1857 617 1936 decebit,
635 1870 668 1920 ut
688 1857 815 1920 occultis
834 1870 937 1942 aperta
951 1857 1075 1923 demon³

133 1955 218 2007 stret·

17 2059 21 2113 ξ
97 2053 123 2094 ιι
177 2028 243 2094 Sed
258 2027 328 2092 illud
342 2047 474 2115 quoque,
492 2029 530 2092 de
549 2049 609 2114 quo
632 2029 662 2091 in
683 2030 860 2113 argumentis
876 2029 1059 2110 diximus,
1034 2054 1073 2094 s1·

130 2114 301 2179 militudiuis
327 2135 420 2197 genus
443 2128 526 2178 omat
549 2116 725 2193 orationem,
741 2115 813 2179 facit
833 2138 872 2178 ue
894 2138 960 2179 eam
984 2118 1074 2179 subli-

131 2220 222 2277 mem,
235 2200 384 2278 flosidam,
395 2199 571 2285 jucundam,
584 2200 761 2263 mirabilem
839 2221 899 2296 um,
911 2222 972 2298 qpo
983 2220 1073 2281 quao-

131 2306 189 2371 que
211 2285 345 2368 longius
339 2286 442 2383 petita
464 2299 521 2363 est,
537 2285 597 2347 hoc
620 2284 686 2367 plus
709 2285 796 2345 affert
818 2284 970 2362 novitatis,
986 2297 1074 2365 atquo

130 2372 339 2457 inexspectata
360 2370 454 2455 magis
479 2384 535 2433 est.
584 2368 640 2431 ills
661 2368 804 2451 vulgaria
814 2367 910 2430 videri
935 2383 1073 2453 possunt,

99 2470 162 2521 sset
183 2458 266 2521 utilia
288 2470 401 2519 tantum
423 2456 460 2519 ad
487 2454 706 2517 conciliandam
732 2453 833 2517 fidem.
896 2452 935 2516 Ut
962 2464 1075 2519 terram

132 2544 227 2621 culto,
251 2542 294 2603 sic
318 2542 454 2605 animum
476 2540 652 2623 disciplima
673 2540 826 2602 meliorem
851 2539 1074 2625 uberioremque

126 2626 210 2728 fieri.
255 2625 311 2705 Et,
328 2637 362 2689 ιιι
381 2626 491 2689 niedici
515 2626 690 2689 abalienato
712 2625 826 2687 morbis
841 2627 973 2689 membro
985 2647 1075 2710 proe-

133 2712 248 2790 udam,
272 2714 318 2775 ito
343 2722 504 2793 torpesco
528 2711 727 2794 perniciosos,
751 2712 869 2775 etiamsi
894 2713 982 2776 nobis
1004 2732 1074 2775 soo-

129 2799 225 2881 goim
252 2798 442 2875 cohaereant,
467 2798 677 2879 amputandos.
724 2795 799 2860 Jam
823 2797 977 2861 sublimius
1003 2798 1075 2862 illud

101 2904 126 2947 ιι
153 2905 187 2946 ro
214 2882 343 2960 Archia,
371 2842 455 2943 Sosis
479 2892 566 2965 atque
591 2882 771 2945 solitudines
793 2883 860 2945 voci
883 2882 1073 2980 respondent,

166 2970 242 3033 atius
257 2987 343 3051 saepe
357 2968 503 3029 immanes
518 2977 609 3029 cantu
614 2966 784 3047 flectuntur
797 2976 884 3047 utque
896 2967 1073 3041 ιιιιιιιιιιιι,

133 3068 165 3117 ιι
184 3067 297 3116 cetera.
344 3052 438 3124 Quod
456 3052 577 3136 quidem
600 3071 693 3133 genus
711 3071 730 3111 ι
747 3047 925 3139 quibusdam
943 3047 1074 3110 declam·

134 3138 228 3201 otoris
257 3138 386 3201 maxime
415 3137 535 3200 licentia
564 3146 736 3216 corruptum
762 3133 818 3193 est.
857 3129 937 3195 Nom
962 3145 993 3194 et
1021 3130 1074 3195 sal·

133 3222 175 3287 sis
199 3234 339 3285 utuntur:
361 3242 420 3285 neo
442 3220 559 3298 illusis,
579 3219 687 3303 quibus
709 3217 830 3280 tandem
852 3216 959 3317 similia
979 3218 1076 3284 videri

103 3307 247 3408 suolupt,
267 3308 427 3391 applicant.
473 3303 612 3404 Quorum
634 3318 791 3388 utrumque
813 3303 843 3367 in
865 3303 901 3368 iis
924 3317 981 3383 est,
999 3326 1076 3390 quae

134 3414 181 3457 tna
198 3393 312 3478 juvene
333 3393 442 3476 ubique
463 3390 574 3454 cantari
596 3391 743 3469 solebant,
759 3389 954 3473 Magnorum
966 3389 1075 3472 flumi-

133 3498 206 3541 ιιιι
218 3478 411 3561 navigabiles
425 3474 528 3559 sontes
549 3486 642 3539 suot:
663 3492 705 3555 et,
729 3476 939 3541 commeo
957 3474 1076 3537 orbor&

31 3570 32 3575 ’
136 3565 233 3627 mom
244 3565 357 3647 planta
372 3560 559 3647 confracto
572 3571 624 3625 ιιι
