2459 4200
362 278 515 323 rasuera
533 278 682 333 ananau
700 279 835 323 enarra.
1017 265 1084 328 213

141 427 224 491 cus?
268 424 339 489 Non
360 428 462 491 hercle
482 430 587 513 magis,
605 452 693 514 quam
708 428 839 515 frugibus
857 430 887 493 in
902 442 980 497 terra
993 430 1082 497 santi·

140 514 195 577 bus
212 534 248 575 ac
264 513 345 575 rubis
362 529 520 597 occupata.

168 593 268 680 'Age‚
286 620 344 659 non
362 598 399 659 ad
418 598 611 681 perferendos
631 601 794 663 studiorum
812 599 929 665 labores
944 624 1082 667 necessa-

138 682 183 745 ria
198 680 348 765 frugalitas
365 680 377 740 ?
415 681 498 752 Quid
516 682 600 767 igitur
617 707 657 745 ex
671 684 792 747 libidine
807 708 843 747 ac
859 686 973 748 luxuria
988 688 1054 770 spei
1070 686 1082 749 ?

118 766 212 830 sNon
225 766 386 850 praecipue
403 766 482 829 acuit
498 770 535 829 ad
552 768 744 851 cupiditatem
759 769 907 833 literamm
923 791 1006 832 amor
1021 772 1082 834 lau·

141 851 216 917 dis?
259 850 339 913 Num
358 851 445 933 igitur
469 851 551 915 malis
575 875 642 916 asse
664 854 783 916 laudern
806 875 895 917 curae
917 855 1083 939 putamus?

140 936 215 1001 Jam
235 936 295 999 hoc
312 936 377 1019 quis
397 958 457 999 non
472 936 565 1013 videt,
584 938 743 1001 maximam
786 954 879 1002 artem
898 940 1084 1003 orationisin

139 1036 267 1087 tractatu
282 1022 367 1105 aequi
384 1021 513 1105 bonique
529 1023 721 1087 consistere?
801 1024 900 1088 icetne
915 1026 954 1088 de
974 1026 1019 1088 bis
1035 1047 1083 1089 se·

139 1108 271 1171 cundum
284 1106 414 1169 debitam
430 1128 527 1169 rerum
543 1108 714 1190 dignitatem
730 1110 823 1172 malus
838 1124 925 1194 atque
940 1110 1083 1196 iniquus?

105 1220 132 1259 ιο
184 1192 341 1276 Denique,
358 1206 389 1254 ut
416 1191 574 1255 maximam
598 1208 712 1275 partem
734 1195 915 1276 quaestionis
938 1197 1081 1272 eximam,

141 1280 259 1355 demus,
277 1278 307 1339 id
326 1277 407 1360 quod
429 1277 507 1339 nullo
532 1274 623 1339 modo
645 1277 709 1342 tieri
732 1292 843 1360 potest,
861 1278 939 1341 idam
962 1279 1081 1361 ingenii,

141 1363 242 1441 studii,
261 1362 424 1439 doctrinae,
442 1362 574 1447 pessimo
595 1376 684 1447 atque
700 1363 814 1448 optimo
829 1362 916 1426 viro:
941 1379 1005 1426 uter
1020 1387 1082 1427 me-

109 1466 111 1472 ’
139 1448 197 1512 lior
208 1450 324 1512 dicetur
338 1462 436 1511 orator
453 1448 464 1508 ?
501 1447 648 1510 Nimirum
664 1448 713 1532 qui
728 1449 820 1511 homo
831 1470 949 1533 quoque
964 1449 1079 1513 melior.

140 1534 213 1597 Non
227 1534 312 1617 igitur
328 1555 455 1617 unquam
474 1534 568 1596 malus
584 1534 663 1597 idem
684 1534 788 1614 borno,
806 1549 835 1598 et
850 1533 1000 1620 perlectus
1016 1558 1082 1601 ora·

105 1634 199 1688 1⁵t0r.
246 1619 315 1682 Non
343 1620 421 1681 enim
447 1618 612 1703 perlectum
637 1635 683 1684 est
705 1620 877 1705 quicquam,
894 1644 958 1706 quoy
975 1623 1081 1686 melius

141 1719 187 1769 est
203 1704 291 1769 aliud.

187 1790 264 1868 Sed,
276 1813 313 1853 ne
329 1811 413 1852 more
432 1788 656 1854 Socraticorum
671 1791 820 1854 nobismet
835 1791 891 1873 ipsi
906 1812 1082 1874 responsum

140 1876 262 1939 linxisse
278 1876 442 1952 videamur,
461 1874 498 1937 sit
518 1874 621 1958 aliquis
643 1875 719 1937 adeo
738 1888 841 1938 contra
856 1875 1012 1939 veritatem
1027 1874 1082 1937 ob·

77 2014 78 2019 ,
140 1961 275 2040 stinatns,
293 1976 325 2025 ut
346 1962 453 2023 audeat
468 1960 581 2037 dicere,
599 1960 708 2024 eodem
731 1960 861 2045 ingenio,
878 1960 989 2040 studio,
1007 1961 1081 2024 doc·

104 2047 215 2111 sutrina
229 2046 395 2132 praeditum
411 2046 502 2110 nihilo
518 2046 696 2122 deteriorem
713 2046 840 2112 futurum
855 2063 1003 2112 oratorem
1019 2069 1081 2112 ma·
1116 2126 1121 2131 ᾖ

140 2133 200 2196 lum
217 2133 323 2209 virum,
342 2155 430 2216 quam
446 2134 567 2196 bonum.
614 2133 838 2197 convincamus
859 2133 946 2216 hujus
962 2153 1081 2215 quoque

140 2219 309 2282 amentiam.
357 2217 437 2280 Nam
452 2233 534 2282 certe
556 2239 645 2278 nemo
662 2217 817 2292 dubitabit,
835 2239 955 2279 ornnem
971 2217 1081 2276 oratio·

139 2325 210 2366 nem
225 2305 254 2366 id
271 2326 371 2388 agere,
389 2317 420 2367 ut
438 2301 546 2387 judici,
564 2323 640 2384 quae
661 2301 815 2384 proposita
830 2299 948 2376 suerint,
966 2320 1036 2361 vera
1052 2314 1082 2363 et

139 2387 264 2453 honesta
280 2390 443 2452 videantur.
492 2386 603 2448 Utrum
620 2385 705 2468 igitur
723 2387 781 2446 boc
796 2383 910 2447 facilius
925 2384 1021 2446 bonus
1038 2383 1082 2446 vir

104 2498 133 2537 es
140 2475 341 2558 persuadebit,
359 2497 395 2536 an
419 2471 539 2534 malus?
586 2470 691 2532 Bonus
714 2468 835 2553 quidem
857 2469 939 2532 dicet
961 2467 1081 2551 saepius

139 2581 211 2622 vera
231 2574 319 2641 atque
338 2560 471 2619 honesta.
522 2555 587 2619 Sed
608 2555 698 2617 etiam
718 2555 743 2617 si
759 2554 877 2637 quando
893 2554 990 2637 aliquo
1008 2553 1081 2614 duc·

138 2658 186 2706 tus
204 2643 303 2702 officio
324 2641 418 2724 (quod
441 2641 593 2717 accidere,
611 2654 643 2702 ut
665 2661 737 2702 mox
758 2639 946 2718 docebimus,
964 2637 1077 2723 potest)

138 2725 215 2789 salso
231 2725 305 2786 haec
321 2725 466 2788 affirmare
483 2725 647 2802 conabitur,
666 2724 779 2810 majore
795 2748 863 2788 cum
880 2726 938 2790 fide
953 2746 1081 2789 necesse

132 2825 186 2874 est
207 2810 349 2874 audiatur.
399 2809 442 2873 At
464 2811 547 2874 malis
568 2811 736 2875 bominibus
752 2833 792 2874 ex
807 2826 980 2896 contemptu
996 2811 1081 2894 opin-

104 2896 228 2975 soionis,
240 2911 270 2958 et
286 2896 446 2978 ignorantia
462 2897 547 2974 recti,
558 2919 766 2978 nonnunquam
782 2898 896 2961 excidit
911 2899 975 2978 ipsa
991 2897 1081 2958 simu·

139 2981 221 3045 latio.
270 2980 346 3042 Inde
373 2980 550 3042 immodeste
578 2994 758 3061 proponunt,
776 2979 840 3039 sine
864 2980 977 3058 pudore
1003 2979 1080 3038 affir-

138 3080 229 3128 mant.
270 3064 411 3147 Sequitur
426 3064 455 3125 in
471 3064 517 3141 iis,
531 3085 606 3147 quae
619 3076 732 3124 certum
749 3075 795 3123 est
806 3060 885 3122 effici
900 3081 960 3121 non
976 3081 1079 3142 posse,
1132 3097 1136 3102 ·

139 3147 280 3212 deformis
298 3149 470 3232 pertinacia,
483 3164 513 3212 et
528 3148 624 3210 irritus
639 3145 733 3208 labor.
780 3143 858 3207 Nam
875 3144 951 3208 sicut
967 3144 995 3206 in
1008 3144 1079 3223 vita,

139 3234 168 3296 in
192 3234 290 3298 causis
314 3256 443 3319 quoque,
461 3257 530 3318 spes
554 3232 703 3316 improbas
726 3229 847 3293 habent.
895 3228 1082 3315 Frequenter

107 3334 238 3386 arautem
253 3320 375 3397 accidit,
394 3335 423 3384 ut
444 3320 488 3382 bis
510 3319 599 3382 etiam
619 3339 687 3380 vera
703 3316 880 3394 dicentibuS,
899 3316 974 3380 fides
990 3317 1080 3396 desit,

139 3405 333 3490 videaturque
355 3406 419 3468 talis
440 3407 603 3486 advocatus
626 3403 720 3464 malae
736 3424 846 3465 causae
865 3417 1078 3486 argumentum.

182 3489 269 3553 Nunc
286 3492 323 3554 de
343 3491 377 3554 iis
394 3490 553 3553 dicendum
575 3503 631 3562 est,
650 3488 813 3571 quaemihi
829 3487 913 3573 quasi
929 3485 1080 3568 conspira-

137 3575 217 3640 tione
241 3577 370 3660 qnadam
392 3576 471 3659 vulgi
501 3573 656 3638 reclamari
679 3575 825 3638 videntm.
874 3571 984 3634 Orator
1009 3589 1081 3652 ergo
