2459 4200
157 288 217 352 176
442 302 479 345 u.
500 300 595 345 rrnn
613 298 837 353 cornemium

198 424 299 519 ldinus
325 454 405 516 idem
431 452 565 537 proderit
594 452 625 514 in
648 450 830 527 ediscendis,
854 470 932 532 quae
954 449 1098 514 orationis

154 554 315 625 perpetuae
339 552 434 601 erunt.
481 536 561 600 Nem
584 550 615 600 et
636 558 741 599 sensus
763 556 822 597 non
840 535 970 596 eandem
992 535 1097 618 imagi·

153 646 222 689 nem
238 646 327 709 quam
347 646 395 687 res
417 624 537 699 habent,
555 644 626 685 cum
645 623 770 683 alterum
788 620 957 702 fingendum
978 620 1040 682 sit:
1064 635 1098 683 et

154 710 261 773 horum
276 724 375 772 tamen
390 722 538 792 utcunque
554 721 728 770 commonet
742 706 828 767 locus
845 726 853 765 ε
877 703 931 766 sed
951 706 1099 767 sermonis

154 794 279 880 alicujus
295 794 385 857 habiti
397 794 555 857 verborum
570 793 731 855 bontextus
746 791 853 852 eedem
868 804 932 851 erte
943 791 1120 872 quomodoe

155 879 453 963 comprehendetur?
498 876 602 955 Mitto,
627 877 708 959 quod
729 876 876 957 quaedam
898 876 985 937 nullis
1008 876 1099 937 simu·

155 964 243 1028 lacris
259 964 415 1048 significari
434 975 570 1046 possunt,
588 976 620 1025 ut
640 974 722 1023 certe
742 959 980 1043 conjunctiones.
1028 959 1097 1022 Ha·

154 1049 278 1112 beamus
304 1048 383 1112 enim
410 1068 493 1125 sene,
510 1062 541 1110 ut
562 1047 611 1130 qui
633 1046 711 1108 notis
742 1046 884 1121 scribunt,
902 1058 999 1106 certas
1023 1046 1098 1108 ima·

155 1134 237 1217 gines
254 1134 397 1209 omnium,
416 1148 446 1196 et
465 1134 533 1195 loca
555 1132 671 1195 scilicet
688 1130 810 1205 infinita,
828 1151 882 1211 per
896 1150 974 1211 quae
992 1132 1098 1208 verba,

156 1234 229 1303 quot
249 1234 316 1283 sunt
336 1219 365 1281 in
384 1219 512 1302 quinque
534 1232 638 1280 contra
653 1216 782 1277 Verrem
802 1216 954 1275 secundae
972 1216 1098 1279 actionis
1106 1234 1133 1273 1o

156 1303 249 1381 libris,
268 1305 465 1389 explicentur,
483 1316 515 1366 ut
530 1301 748 1365 meminerimus
764 1301 852 1362 ctiam
868 1300 1003 1361 omnium
1013 1302 1099 1382 quasi

157 1388 386 1472 depositorum:
409 1410 507 1451 nonne
532 1387 668 1470 impediri
688 1386 808 1467 quidem
828 1405 944 1461 eorum,
961 1407 1038 1466 quae
1054 1386 1099 1447 di-

157 1474 209 1549 cit,
221 1475 380 1536 decursum
396 1494 522 1537 necesse
538 1487 584 1533 est
596 1471 705 1553 duplici
722 1470 884 1531 memoriae
896 1490 966 1531 cura
982 1470 995 1529 ?
1017 1470 1098 1531 Nam

156 1558 308 1639 quomodo
339 1571 478 1639 poterunt
502 1557 641 1638 copulata
666 1555 770 1631 fluere,
788 1555 813 1616 si
840 1568 961 1637 propter
984 1554 1100 1637 singula

156 1640 247 1703 verba
262 1642 300 1703 ad
316 1641 444 1723 singulus
459 1640 567 1702 formes
583 1640 803 1722 respiciendum
820 1640 875 1701 erit
891 1640 903 1698 ,Ρ
947 1638 1053 1708 Quare
1068 1655 1135 1703 etro

156 1725 342 1790 Charmadas
366 1726 396 1788 et
422 1724 579 1809 Scepsim,
598 1726 635 1787 de
658 1746 718 1807 quo
740 1726 832 1786 modo
848 1725 921 1801 dixi,
940 1723 1098 1787 Metrodo·
1228 1731 1229 1734 ’

156 1834 218 1891 rus,
235 1834 310 1895 quos
331 1811 445 1875 Cicero
461 1811 534 1873 dicit
556 1832 626 1873 usos
649 1810 705 1871 hac
730 1810 957 1887 exercitatione,
975 1810 1030 1871 sibi
1045 1810 1098 1872 ha-

155 1896 245 1961 beant
260 1920 313 1960 sua
330 1919 337 1957 ι
361 1920 416 1959 nos
437 1897 619 1980 simpliciora
634 1896 794 1957 tradamus.

169 2008 172 2015 ¹
202 1982 237 2044 Si
257 1982 371 2062 longior
393 1982 623 2061 complectenda
643 1981 788 2041 memoria
804 1979 890 2041 luerit
904 1980 1011 2057 oratio,
1030 2002 1098 2063 pro·
1229 2034 1230 2043 ,

156 2064 232 2127 derit
247 2085 301 2146 per
317 2078 415 2146 partes
428 2064 563 2127 ediscere
581 2086 588 2125 τ
613 2065 726 2127 laborat
741 2065 820 2126 enim
836 2065 966 2127 maxime
982 2086 1074 2129 onere
1090 2086 1135 2128 :eo
1229 2137 1230 2144 ἵ

157 2163 186 2212 et
206 2150 260 2212 hae
282 2164 381 2234 partes
401 2171 461 2211 nou
482 2151 539 2212 sint
557 2151 760 2233 perexiguae:
784 2151 894 2233 alioqui
909 2173 1009 2213 mrsus
1024 2153 1098 2213 mul·

156 2249 203 2300 tae
234 2251 329 2314 erunt,
351 2251 380 2299 et
402 2257 469 2300 eam
493 2237 671 2319 distinguent
701 2251 789 2319 atque
810 2237 982 2298 concident.
1029 2236 1098 2299 Nec

156 2322 257 2404 utique
283 2337 399 2386 certum
429 2322 636 2406 imperaverim
666 2323 801 2398 modum,
825 2323 880 2384 sed
910 2322 1041 2414 maxime
1064 2336 1099 2384 ut

124 2455 129 2463 .
157 2407 280 2491 quisque
296 2409 412 2472 finietur
426 2409 511 2470 locus
529 2431 535 2470 :
560 2408 588 2468 ni
605 2407 682 2469 sorte
703 2422 763 2469 tam
783 2429 968 2482 numerosus,
986 2422 1018 2468 ut
1033 2407 1098 2490 ipse

157 2509 275 2576 qnoque
290 2493 381 2555 dividi
398 2493 514 2554 debeat.
563 2492 666 2554 Dandi
687 2506 754 2553 sunt
773 2493 848 2553 certi
863 2493 981 2574 quidam
997 2493 1135 2554 termi-ea
1229 2503 1230 2544 ἓ

155 2578 197 2654 ni,
225 2592 255 2638 ut
273 2589 448 2638 contextum
465 2578 641 2652 ¹verborum,
658 2577 708 2656 qui
731 2591 776 2637 est
801 2577 1002 2653 difficillimus,
1024 2599 1098 2639 con·

156 2661 247 2721 tinuet
263 2661 368 2720 crebra
391 2659 553 2736 meditatie,
572 2675 670 2740 partes
687 2661 830 2742 deinceps
852 2661 931 2743 ipsas
954 2662 1098 2744 repetitus

155 2743 230 2805 ordo
255 2743 424 2824 conjunget.
473 2741 542 2803 Non
573 2756 619 2803 est
644 2742 764 2819 inutile,
781 2745 828 2819 iis,
849 2767 926 2826 quae
949 2746 1099 2810 difficilius

156 2827 306 2902 haereant,
334 2825 444 2907 aliquas
476 2846 628 2907 apponere
658 2840 754 2900 notas,
780 2848 903 2907 quarum
927 2832 1100 2894 recordatio

155 2923 345 2974 commoneat
360 2924 391 2972 et
404 2911 487 2992 quasi
504 2910 615 2972 excitet
631 2910 816 2970 memoriam.
1107 2937 1134 2978 ω
1228 2930 1229 2997 3

198 2995 298 3058 Nemo
322 2995 410 3060 etiem
434 2995 577 3058 feretum
601 2993 715 3071 infelix,
732 3009 774 3071 ut,
792 2996 872 3077 quod
895 2995 1002 3078 cuique
1025 2998 1099 3063 loco

156 3083 271 3166 signum
288 3082 489 3158 destinaverit,
508 3081 645 3144 nesciat:
670 3095 712 3156 ut,
730 3081 755 3143 si
774 3082 830 3143 erit
848 3081 948 3143 tardus
969 3083 1007 3144 ad
1023 3084 1096 3164 hoc,

156 3189 194 3230 eo
210 3189 328 3250 quoque
347 3169 449 3231 adhuc
461 3167 595 3230 remedio
613 3180 722 3243 utatur,
740 3182 772 3229 ut
792 3167 874 3250 ipsae
895 3168 1029 3230 excitent
1043 3191 1097 3232 no·

156 3265 214 3313 tae.
264 3252 432 3314 Hocenim
452 3267 554 3315 estex
575 3253 624 3314 illa
647 3267 710 3314 arte
732 3274 790 3314 non
813 3252 925 3329 inutile,
943 3255 1097 3317 attendere

156 3335 239 3416 signa
254 3336 291 3396 ad
308 3357 373 3412 eos,
391 3337 439 3419 qui
460 3338 613 3414 excidunt,
631 3359 758 3400 sensus:
782 3359 937 3414 uncorum,
955 3353 985 3400 ut
1008 3360 1132 3422 supraes
1229 3353 1230 3384 ³

156 3419 254 3504 posui,
270 3419 348 3481 side
363 3441 439 3482 neve
455 3422 613 3484 dicendum
630 3437 735 3485 esset:
758 3423 921 3504 spiculum,
932 3423 957 3484 si
974 3424 1011 3484 de
1028 3445 1096 3506 pro·

157 3505 226 3568 elio.
275 3502 404 3566 Multum
428 3506 506 3566 enim
522 3507 612 3588 ,signe
633 3507 755 3582 saciunt,
773 3521 803 3568 et
822 3529 861 3568 ex
880 3509 937 3569 alia
952 3508 1096 3571 memoria

156 3591 238 3652 venit
252 3590 307 3652 alia
324 3611 331 3650 :
354 3603 386 3651 ut
401 3611 469 3652 cum
486 3592 640 3678 translatus
656 3593 777 3654 ennulus
796 3592 844 3654 vel
865 3593 995 3674 alligatus
1011 3613 1096 3655 com·

156 3689 277 3740 moneat
291 3697 358 3754 nos,
376 3696 429 3738 cur
444 3675 475 3738 id
489 3673 670 3740 fecerimus.-
