2459 4200
331 221 483 272 sensere
500 221 649 274 euenere
666 223 801 284 osrrqr.
1008 209 1057 280 Ἀ

113 374 276 462 quendem,
301 371 447 440 videmus·
494 371 575 436 Nem
596 387 628 438 et
648 372 747 438 moliri
768 373 890 452 cubilis,
912 387 943 440 et
963 374 1053 442 nidos

114 475 231 536 texere,
249 473 280 525 et
300 458 430 522 educare
447 455 557 536 foetus,
575 474 605 522 et
625 459 800 538 excludere,
816 457 885 545 quin
901 460 991 525 etism
1004 482 1053 526 re·

114 566 228 632 ponere
242 543 272 606 in
287 542 419 606 hiemem
433 542 683 630 alimente,opers
697 544 842 628 quaedem
856 543 942 610 nobis
957 544 1052 611 inimi·

114 629 213 694 rabilia
233 627 345 714 (qualia
367 642 435 692 sunt
456 650 591 693 cerarum
607 643 638 694 et
652 629 761 713 mellis)
780 631 914 706 efficere,
930 629 1053 697 nonnul·

91 713 171 787 slius
183 713 308 778 sortasse
324 711 444 776 rationis
457 727 502 778 est
515 735 523 774 ε
547 715 600 780 sed
613 715 801 800 quiscerem
814 736 967 793 sermone,
978 736 1057 812 quoe

71 870 76 878 ¹
116 799 148 862 id
164 797 282 878 faciunt,
297 807 382 862 mata
397 812 485 882 etque
500 799 699 867 irrationalia
714 815 869 866 vocentur.
910 799 1055 883 Demque

115 883 264 961 homines,
277 883 384 967 quibus
399 897 505 966 uegeta
520 905 581 951 vox
596 900 654 964 est,
671 886 841 970 quantulum
856 883 980 972 adjuvat
993 884 1054 952 sni·

114 990 181 1050 mus
197 969 245 1032 ille
262 967 429 1030 eoelestis?

158 1053 266 1128 Quare
279 1053 305 1115 si
319 1052 388 1116 nihil
403 1073 421 1114 o
435 1052 491 1116 diis
507 1053 641 1120 oratione
655 1054 760 1122 melitis
780 1055 965 1142 accepimus,
981 1053 1056 1140 quid

78 1151 178 1221 sotem
200 1137 319 1220 dignum
341 1137 421 1200 cultu
437 1137 589 1204 talebore
612 1139 768 1217 ducemus,
786 1155 837 1206 aut
850 1141 885 1213 in,
895 1161 955 1226 quo
971 1138 1055 1204 meli·

116 1244 186 1289 mus
204 1221 352 1306 praestare
368 1221 549 1300 hominibus,
588 1245 658 1286 uem
674 1245 734 1306 quo
749 1223 807 1306 ipsi
821 1225 957 1289 homines
973 1236 1055 1286 eete-

114 1307 157 1370 ris
173 1303 343 1370 animalibus
357 1307 534 1392 praestant?
564 1245 615 1369 do
631 1307 755 1390 quidem
766 1306 873 1392 magis,
884 1306 965 1398 quod
979 1305 1058 1371 nulla

114 1393 144 1454 in
158 1405 242 1476 parte
257 1391 372 1475 plenius
387 1392 471 1457 labor
486 1391 609 1476 gratiam
622 1389 724 1455 refert.
770 1391 810 1456 Id
824 1393 902 1455 adeo
916 1388 1056 1455 menifes-

114 1492 177 1540 tum
192 1477 260 1554 erit,
277 1477 302 1538 si
318 1475 559 1560 cogitaverimus,
577 1478 666 1554 unde,
684 1490 715 1540 et
728 1498 881 1562 quousque
899 1476 964 1563 jam
987 1498 1056 1560 pro·

79 1576 202 1627 revecta
212 1561 250 1624 sit
260 1555 363 1624 orandi
378 1560 513 1626 sacriltas.
546 1561 589 1626 Et
603 1563 701 1625 adhuc
716 1563 816 1647 augeri
830 1577 942 1660 potest.
974 1561 1056 1624 Nom

113 1662 146 1710 ut
161 1647 309 1724 omittam,
326 1645 488 1710 defendere
503 1648 630 1725 amicos,
640 1668 744 1730 regere
759 1648 890 1710 consiliis
906 1661 1055 1722 senatum,

107 1728 269 1818 populum,
282 1731 460 1808 exercitum,
472 1732 501 1794 in
510 1753 587 1816 quae
596 1731 680 1810 velit,
691 1732 816 1810 ducere,
825 1752 916 1814 quem
925 1730 963 1792 sit
971 1729 1056 1806 utile,

115 1817 332 1899 conveniatque
347 1817 428 1877 bono
438 1817 502 1878 viro
517 1838 525 1892 ;
547 1838 647 1879 nonne
655 1816 811 1900 pulchrum
820 1815 870 1877 vel
885 1815 944 1875 hoe
959 1813 1058 1897 ipsum

115 1915 173 1979 est,
198 1923 237 1964 ex
260 1901 411 1964 communi
434 1901 596 1980 intellectu,
617 1901 787 1983 verbisque,
811 1899 916 1984 quibus
939 1911 1060 1961 utuntur

77 2007 232 2064 soomnes‚
249 2000 363 2049 tantum
379 1988 499 2072 assequi
517 1987 610 2050 laudis
626 2001 658 2049 et
671 1986 794 2069 gloriae,
810 1999 916 2049 utnon
929 1983 1011 2067 loqui
1026 1996 1059 2047 et

116 2093 213 2156 orare,
234 2071 302 2150 sed²
326 2071 407 2219 quod
430 2070 543 2138 Pericli
566 2071 701 2157 contigit,
724 2069 872 2157 fulgurare
892 2090 929 2146 nc
952 2083 1057 2151 tonare

114 2156 271 2221 videaris?
320 2156 388 2242 [12.¹
403 2158 472 2237 1o.]
779 2161 783 2177 '

623 2382 627 2391 .

472 2516 612 2577 CAPUT
632 2514 705 2575 Vll.

137 2700 249 2761 ursone
263 2700 338 2741 enus
355 2698 514 2757 consensu
528 2696 757 2755 nnoousrssrss,
773 2695 885 2755 μιμῇ
899 2696 1035 2754 smann-

163 2836 246 2906 Sero
272 2836 374 2921 quaeri
403 2836 505 2915 etiem,
528 2844 677 2915 naturane
707 2834 773 2919 plus
799 2835 844 2897 ad.
861 2833 1065 2917 eloquentium³

117 2920 263 3009 conserat,
288 2943 329 2984 aa
352 2922 501 2984 doctrina
548 2920 643 2993 Quod
665 2921 704 2984 ad
726 2920 913 3005 propositum
939 2919 1066 3001 quidem,
1121 2975 1123 2978 .

79 3008 210 3073 eanostri
225 3006 325 3091 operis
349 3005 419 3068 nihil
442 3006 590 3091 pertinet:
612 3004 813 3087 nequeenim
834 3016 1060 3079 consummatus

116 3082 231 3168 oraton,
255 3092 310 3153 nisi
333 3114 372 3155 ex
393 3106 516 3175 utraque
538 3090 601 3151 fieri
624 3101 747 3169 potest3
777 3085 938 3167 plurimum¹
962 3095 1060 3146 tamen

115 3174 232 3240 referre
247 3176 380 3255 arbitror,
394 3199 484 3261 quam
499 3196 566 3237 esse
583 3173 610 3233 in
625 3172 685 3232 hoo
700 3169 771 3231 loco
786 3166 992 3253 quaestionem
1006 3192 1060 3234 ve·

116 3252 216 3345 limus.
263 3258 343 3324 Nam
359 3263 383 3326 si
399 3260 474 3346 parti
489 3258 618 3322 utrilibet
633 3255 753 3319 omnino
768 3255 892 3319 alteram
908 3254 1058 3336 detrahas,

116 3360 221 3435 natura
237 3347 327 3410 etiam
343 3348 406 3419 sine
423 3344 557 3425 doctrina
570 3343 693 3407 multum
707 3342 836 3422 valebitq
846 3342 982 3405 doctrina
996 3344 1059 3423 uulf

81 3430 146 3515 sole
161 3454 228 3503 esse
245 3432 308 3496 sine
323 3447 426 3497 natura
440 3430 559 3517 poterit.
610 3427 667 3493 Sin
681 3450 720 3491 ex
735 3428 798 3513 peri
813 3432 934 3509 coeant,
951 3428 980 3499 in
995 3447 1058 3503 me.-

118 3516 279 3603 diocribus¹
295 3519 416 3604 quidem
434 3516 566 3601 utrisque
579 3513 673 3601 majus
689 3514 921 3598 adhuonatnree
936 3510 1068 3590 credam,
