2459 4200
3 359 7 438 t

3 773 5 892 i

3 907 8 998 t

342 303 497 350 satuens
513 305 663 359 coenan
680 309 816 354 cantra.
1020 297 1067 362 00

118 453 210 517 terior
237 452 269 516 iu
294 453 427 518 clausula
449 457 699 542 deprehendatur,
716 475 766 525 aut
775 482 875 528 rursus
888 465 971 548 prior
979 463 1010 528 in
1020 464 1065 529 in·

117 555 231 623 gressu.
280 537 361 604 Nam
377 543 457 626 quod
473 559 520 606 cst
534 559 650 623 contra,
666 567 759 631 saepe
774 548 864 611 etiam
878 550 980 629 decet,
993 551 1065 636 quia

117 640 148 688 et
168 625 265 688 eludit
283 625 400 688 interim
421 629 534 712 optime
556 631 652 713 prima
674 651 741 715 pars
763 653 879 711 versus,
897 635 967 697 dum
989 637 1065 702 intra

118 731 231 794 patrous
248 734 261 774 s
285 711 390 788 llabas,
408 714 569 798 praecipue
592 717 700 782 senarii
721 732 810 802 atque
831 721 1001 783 octonarii:
1026 723 1066 784 Itt

96 733 352 878 sdsriacstiiast,
370 797 483 861 initium
504 801 610 862 senarii
631 817 727 880 cst,et
749 803 876 887 primum
895 827 951 888 pro
965 805 1061 876 Quin.

120 881 248 966 Ligario
276 898 366 967 caput
396 885 513 948 cludit:
538 885 614 948 Erat
637 887 789 964 videatur,
802 889 866 974 jam
895 891 983 954 nimis
1006 890 1065 955 fre·

118 986 227 1052 quens,
257 968 442 1031 octonarium
474 969 614 1036 inchoat:
638 973 706 1036 talia
736 989 803 1038 sunt
833 975 1063 1054 Demosthenis,

118 1065 189 1114 πᾶσι
212 1069 259 1114 καὶ
280 1064 392 1124 πάσαις·
417 1069 464 1117 aul
483 1068 570 1117 πᾶσιν
591 1070 664 1134 ὑμῖν·
688 1061 757 1136 ὅσην
778 1071 899 1140 edrotcr,
916 1075 947 1125 et
969 1076 1066 1126 tolum

119 1155 216 1225 paene
232 1141 425 1224 principium,
454 1155 485 1206 et
512 1143 611 1207 ultima
627 1167 767 1208 versuum
786 1148 870 1210 initio
884 1148 1067 1209 conveniunt

87 1225 287 1288 morationis:
313 1227 383 1288 Εἰσί
404 1247 517 1304 vereor,
536 1229 671 1311 judices,
689 1243 719 1293 et
742 1230 966 1306 Animadverti,
977 1231 1067 1313 judi·

122 1328 181 1374 ces.
224 1311 287 1376 Sed
304 1312 385 1374 initia
400 1312 488 1375 initiis
503 1335 562 1374 non
578 1314 769 1376 conveniunt.
808 1315 851 1377 T.
870 1315 976 1377 Livius
992 1316 1066 1375 hene

121 1397 226 1460 emetri
243 1397 369 1460 exordio
391 1398 504 1482 coepit,
524 1399 715 1460 Facturum
731 1419 838 1481 operae
850 1399 982 1483 pratitcn
996 1399 1064 1460 rim

120 1481 201 1545 Nam
220 1483 261 1545 ita
281 1483 386 1560 edidit,
405 1497 510 1567 estque
528 1484 647 1562 melius,
663 1505 754 1568 quam
768 1506 828 1569 quo
849 1486 942 1548 modo
964 1505 1066 1548 emea-

122 1568 217 1630 datur.
265 1567 334 1630 Nec
361 1569 510 1631 clausulae
540 1570 702 1633 clausulis:
726 1585 758 1633 ut
778 1570 905 1649 Cicero,
929 1571 998 1646 Quo
1020 1589 1067 1632 tna

90 1663 246 1731 atvertum,
264 1654 362 1716 cattio
378 1675 388 1714 .·
407 1653 460 1738 qui
484 1655 607 1718 trimetri
631 1656 696 1718 finis
719 1672 775 1720 est.
825 1657 1009 1720 Trimetrum
1036 1667 1068 1717 et

121 1739 298 1824 promiscuo
315 1739 416 1802 dicere
435 1739 545 1802 liceatt
569 1761 624 1802 sex
647 1741 726 1803 enim
748 1743 842 1824 pedes
862 1755 923 1802 tres
943 1759 1068 1822 percus·

121 1825 223 1888 siones
239 1825 357 1886 habent.
405 1824 500 1909 Pejus
513 1825 606 1887 cludit
620 1826 685 1887 linis
701 1825 888 1887 hexametri:
911 1837 943 1886 ut
959 1822 1068 1885 Brutus

122 1909 154 1970 in
170 1909 314 1992 epistolis,
325 1909 434 1992 Neque
450 1910 502 1972 illi
517 1911 636 1971 malunt
650 1909 758 1971 hodera
774 1919 884 1972 totores
898 1918 952 1970 oct
965 1905 1069 1990 desert·

122 2013 216 2071 sorte,
235 2013 406 2078 quanquam
433 1996 532 2075 sciunt
550 1995 702 2076 placuisse
729 1995 852 2058 Catoni.
901 1994 949 2057 Illi
971 1993 1068 2056 mium

87 2094 192 2143 nsunt
206 2080 364 2159 notabiles,
381 2081 449 2165 quia
467 2081 525 2143 hoc
548 2102 641 2165 genus
664 2082 795 2145 sermoni
816 2081 987 2167 proximum
1006 2091 1064 2143 est.

124 2166 231 2249 ltaque
256 2180 287 2228 et
313 2188 416 2229 versus
441 2167 471 2229 hi
498 2166 560 2229 iere
586 2168 741 2243 excidunt,
759 2190 834 2252 quos
862 2166 974 2229 Brutus
994 2166 1069 2246 ,ipso

123 2252 326 2336 componendi
352 2250 458 2315 ductus
485 2250 583 2314 studio
612 2251 787 2333 saepissime
816 2250 899 2326 iacit,
915 2271 975 2311 non
1001 2262 1069 2309 raro

125 2334 262 2414 Asinius,
280 2338 334 2399 sed
351 2337 440 2399 etiam
456 2336 570 2401 Cicero
589 2355 809 2417 nonnunquam,
825 2346 857 2395 ut
875 2334 903 2395 in
920 2331 1069 2413 principio

124 2423 222 2485 statim
244 2422 387 2485 orationis
411 2423 440 2484 in
465 2420 596 2484 Lucium
620 2418 779 2496 Pisonem,
798 2419 861 2480 Pro
881 2416 929 2478 dii
946 2416 1071 2477 immor-

86 2509 210 2585 states,
229 2508 297 2591 quis
316 2508 365 2569 hic
384 2508 490 2569 illuxit
508 2505 603 2568 dies?
648 2503 719 2591 Non
741 2504 857 2567 minore
879 2516 978 2566 autem
997 2520 1069 2565 cum

124 2592 278 2655 vitandum
301 2608 359 2671 est,
377 2594 518 2677 quicquid
534 2604 695 2676 ἔνρυθμονε
717 2590 805 2675 quale
827 2604 874 2653 est
896 2589 976 2674 apud
1000 2586 1069 2652 Sal·

124 2678 256 2755 lustium,
271 2680 364 2741 Falto
381 2681 518 2760 queritur
533 2682 568 2743 da
584 2691 697 2743 notura
712 2698 778 2739 tua.
825 2675 973 2747 Quamvis
989 2675 1069 2738 enim

124 2762 227 2825 vinctu
256 2763 305 2841 sit,
325 2780 426 2826 tamen
455 2765 550 2829 soluta
580 2766 673 2829 videri
699 2764 791 2827 debet
818 2764 925 2825 oratio.
974 2759 1070 2843 Atqui

126 2846 227 2923 Plato,
246 2850 485 2931 diligentissimus
507 2850 745 2936 compositionis,
761 2849 791 2910 in
814 2848 957 2923 Timaeo,
975 2846 1071 2929 prima

87 2934 226 2999 aestatim
250 2949 348 3017 parte,
366 2935 458 2997 vitare
482 2936 536 2999 ista
559 2959 618 2999 non
646 2936 752 3019 potuit.
799 2933 877 2994 Nam
904 2946 935 2994 et
958 2930 1071 2991 initium

125 3018 293 3080 hexametri
323 3019 422 3080 statim
453 3020 596 3095 invenias,
618 3035 650 3081 et
682 3016 908 3100 Anacreontion
938 3012 1071 3092 protinus

126 3102 220 3165 colon
235 3103 357 3177 efficias,
376 3118 406 3165 et
424 3105 448 3167 si
467 3107 541 3168 velis
563 3104 727 3175 trimetron,
745 3113 776 3159 et
790 3098 871 3178 qaod
886 3094 1002 3155 duobus
1017 3112 1071 3174 pe·

128 3184 219 3249 dibus
237 3201 267 3247 et
287 3203 379 3269 parte,
397 3198 598 3266 πενθημιμερὲς
615 3208 632 3248 a
648 3182 776 3247 Graecis
792 3179 921 3242 dicitur:
945 3191 976 3239 et
995 3177 1071 3242 haec
1169 3199 1173 3205 ·

126 3270 230 3333 omnia
245 3270 273 3333 in
289 3274 379 3336 tribus
393 3276 491 3337 verbis
506 3296 514 3351 ;
538 3289 568 3336 ut
583 3268 774 3354 Thucydidis
793 3275 862 3349 ὑπὲρ
875 3272 961 3347 ἥμισυ
976 3275 1072 3349 Κᾶρες

90 3364 330 3435 salamancam
345 3360 520 3423 mollissimo
536 3360 741 3442 rhythmorum
759 3377 869 3439 genere
884 3356 1015 3420 excidat.

174 3443 240 3508 Sed
263 3444 332 3527 quia
355 3446 521 3507 orationem
544 3466 663 3505 omnem
687 3458 824 3505 constare
848 3444 974 3527 pedibus
995 3440 1070 3515 dixi,

125 3528 226 3611 aliqua
248 3529 287 3591 de
310 3530 355 3591 his
376 3551 520 3613 quoque:
543 3549 670 3611 quorum
692 3528 811 3591 uomina
831 3530 970 3611 quoniam
990 3522 1073 3583 varia

127 3614 291 3694 traduntur,
309 3615 549 3679 constituendum
565 3630 622 3692 est,
635 3634 697 3699 quo
710 3635 860 3699 quemque
874 3608 1069 3693 appellemuv·

783 3953 1014 4062 russos

904 4023 920 4057 ⁰.
945 4026 995 4060 Ul
