2459 4200
173 231 217 300 82
461 247 498 292 rr.
519 247 614 292 rnen
632 245 857 300 cornrrurrrtr

173 421 237 557 311⁵
266 397 365 462 animo
390 396 468 462 nude
491 397 699 482 quaestionum
720 397 923 461 committetur
943 396 1113 480 asperitas?

207 505 262 548 uae
284 483 310 547 si
331 497 415 548 recte
437 505 557 567 semper
580 483 663 546 initio
682 483 803 547 dicendi
824 497 1029 562 trnotmemur,
1043 482 1115 546 nihil

171 569 328 656 prooemio
344 587 420 654 opus
441 584 532 633 esset.
579 567 693 653 Aliqua
709 590 781 652 ergo
798 589 1020 667 nonnunqupm,
1037 585 1114 652 quae
1219 596 1221 600 ’

173 669 256 720 erunt
271 655 309 718 ed
325 654 544 718 conciliandum
564 655 650 718 nobis
667 653 804 739 judicem
817 669 1037 738 potentissima,
1051 675 1114 717 non

172 740 312 804 inutiliter
326 740 442 804 interim
458 762 498 804 ex
508 740 731 825 quaestionibus
743 739 772 801 in
787 739 914 804 exordio
925 740 1133 804 locebuntur.t

173 825 263 898 Quae
275 827 332 890 sint
346 847 437 912 porro
453 825 483 888 iu
498 825 596 890 causis
608 824 793 903 favorabilia,
804 847 978 888 enumerare
992 847 1053 888 non
1067 837 1114 888 est
1219 880 1220 885 ,

172 933 311 991 necesse,
328 910 468 996 quoniam
491 926 521 974 et
542 911 698 975 manifesta
720 925 815 988 eruut,
832 911 953 994 cognita
967 909 1114 995 cujusque

173 995 395 1062 controversiae
410 997 594 1075 conditione,
608 1011 639 1060 et
653 997 752 1059 omnia
766 996 868 1079 colligi
881 996 913 1058 in
927 1009 1005 1060 tauta
1019 995 1115 1058 litium

172 1081 316 1146 verietate
335 1105 395 1146 non
411 1097 545 1167 possunt.
594 1081 641 1145 Ut
655 1096 754 1145 autern
769 1082 845 1144 haec
860 1081 997 1144 invenire
1012 1094 1044 1143 et
1057 1100 1115 1142 ott·

170 1188 254 1268 gere,
281 1168 320 1231 itu
343 1169 424 1254 quod
446 1168 548 1248 laedit,
568 1178 620 1232 eut
641 1167 761 1230 omnino
782 1168 939 1250 repellere,
958 1179 1010 1229 aut
1031 1179 1147 1230 certon
1219 1155 1221 1163 ¹

172 1273 320 1333 renuere,
337 1275 377 1318 ex
392 1275 483 1318 cause
498 1268 555 1318 est.

217 1338 376 1405 Miseratio
392 1359 511 1424 quoque
522 1338 680 1422 aliquando
691 1358 732 1402 ex
743 1338 850 1402 eodem
859 1337 952 1432 venit,
964 1335 1030 1398 sive
1042 1334 1115 1434 quid

173 1425 254 1571 passi
270 1447 371 1487 sumus
386 1446 489 1506 grave,
507 1425 571 1487 sive
586 1423 714 1506 passuri,
760 1421 870 1505 Neque
892 1440 972 1483 emm
995 1441 1061 1482 sum
1084 1440 1115 1482 m
1219 1436 1221 1445 ’

194 1527 230 1570 ec
255 1508 406 1591 opinione,
424 1528 482 1590 qua
497 1507 629 1590 quidam,
646 1520 678 1568 ut
693 1527 731 1568 eo
746 1507 855 1569 distare
871 1504 1060 1590 prooemium
1075 1503 1115 1568 ab

175 1592 294 1678 epilogo
309 1592 443 1669 credam,
458 1591 539 1677 quod
553 1591 582 1654 in
594 1591 653 1654 hoc
669 1591 839 1674 praeterita,
851 1591 881 1652 in
896 1591 947 1654 illo
963 1588 1058 1654 future
1069 1589 1149 1655 dire

172 1687 299 1741 cunno:
324 1677 378 1742 sed
394 1677 474 1777 quod
489 1677 519 1739 in
530 1677 662 1760 ingressu
674 1676 794 1760 parcius
806 1690 838 1739 et
847 1675 1012 1740 modestius
1027 1694 1115 1759 pree·
1219 1722 1221 1737 ,

173 1764 315 1828 tentando
334 1776 380 1826 est
397 1761 509 1848 pudicis
524 1761 753 1838 misericordia;
775 1761 806 1825 in
820 1762 940 1846 epilogo
955 1782 1030 1825 vero
1041 1760 1114 1824 lice·

173 1862 205 1913 et
219 1863 299 1914 totos
315 1847 469 1912 effundere
485 1849 623 1926 affectus,
641 1861 671 1910 et
686 1848 787 1910 fictam
802 1847 968 1911 orationem
990 1846 1115 1908 induere

174 1935 322 2018 personis,
340 1947 371 1995 et
386 1933 542 1996 defunctos
558 1933 705 2010 excitare,
722 1947 753 1996 et
772 1933 896 2017 pignora
917 1953 1020 1995 eorum
1043 1951 1113 2014 pro·
1219 1996 1220 1999 Ἴ

93 2043 95 2048 ’
175 2017 309 2082 dttcerc:
332 2038 409 2102 quae
425 2017 520 2080 minus
536 2016 669 2080 exordiis
683 2031 752 2079 sunt
769 2017 886 2080 usitata.
935 2015 1001 2080 Sed
1023 2015 1149 2095 haec,at

175 2125 252 2190 quae
267 2125 355 2189 supra
371 2102 445 2181 dixi,
462 2125 521 2165 non
536 2122 661 2166 movere
675 2116 800 2181 tantum,
816 2124 921 2165 verum
936 2123 975 2164 ex
992 2099 1116 2165 diverso

173 2188 289 2255 emoliri
304 2188 595 2287 quoquecprooemio
611 2207 687 2273 opus
703 2201 758 2251 est.
808 2186 853 2251 Ut
867 2201 966 2251 eutem
981 2198 1116 2249 nostrum
1219 2249 1220 2256 ,

174 2276 387 2355 miserabilem,
411 2297 437 2338 st
462 2274 627 2352 vincamur,
651 2274 786 2337 exitum:
814 2273 854 2337 ita
877 2272 1115 2337 adversariorum

174 2360 347 2449 superbum,
365 2360 390 2425 si
405 2360 541 2451 vicerint,
559 2360 630 2424 utile
645 2374 691 2424 est
706 2360 800 2423 credi.

221 2448 287 2513 Sed
301 2466 342 2509 ex
357 2448 392 2509 iis
413 2468 543 2530 quoque,
568 2467 645 2527 quae
667 2466 726 2507 non
748 2459 816 2507 sunt
837 2466 1031 2529 personarum
1054 2461 1150 2506 necas

175 2552 345 2607 causarum,
362 2550 466 2592 verum
481 2527 621 2612 adjuncta
637 2530 771 2611 personis
787 2543 818 2592 et
832 2529 942 2607 causis,
960 2529 1030 2592 duci
1044 2550 1114 2614 pro·

176 2616 273 2680 oemin
288 2615 394 2679 solent.
434 2612 579 2676 Personis
592 2613 776 2696 applicantur
790 2635 850 2677 non
861 2614 998 2697 pignora
1009 2615 1113 2693 modo,

177 2702 215 2765 de
230 2700 337 2785 quibus
352 2720 442 2783 supra
454 2698 528 2777 dixi,
541 2698 595 2761 sed
607 2699 861 2781 propinquitates,
874 2700 1050 2775 amicitiem
1070 2699 1115 2762 in·

175 2787 262 2851 terim
277 2786 415 2869 regiones
430 2784 530 2860 etiam,
549 2784 751 2866 ciuitatesque,
768 2798 800 2847 et
814 2786 840 2847 si
855 2786 926 2869 quid
940 2786 1018 2872 aliud
1034 2784 1113 2869 ejus,
1219 2823 1220 2830 κ

176 2892 265 2957 quem
281 2867 480 2949 defendimus,
492 2890 564 2931 casu
579 2868 657 2931 laedi
673 2883 783 2952 potest.
824 2868 878 2933 Ad
891 2891 1013 2933 causam
1028 2884 1158 2942 extrem,

175 2958 304 3043 pertinet
326 2954 468 3039 Tempus,
485 2955 563 3018 unde
570 2953 756 3037 'principium
771 2976 827 3039 pro
841 2954 952 3018 Coelio
966 2976 975 3031 3
998 2954 1112 3031 Locum

175 3042 253 3108 unde
268 3064 324 3127 pro
340 3040 515 3129 Dejotar03
541 3039 687 3118 Habitus,
704 3041 782 3104 unde
797 3062 852 3125 pro
869 3039 986 3103 Milone
1000 3060 1009 3115 ;
1037 3038 1113 3123 Opi-

174 3130 240 3209 rtio,
256 3131 336 3193 unde
352 3128 381 3194 in
397 3128 548 3193 Verre'm:
573 3125 729 3210 deinceps,
753 3148 791 3190 ne
815 3126 914 3190 omnia
936 3146 1113 3189 enumeren-

175 3227 233 3289 tur,
256 3214 354 3277 Fomc
373 3215 578 3297 judiciorum,
604 3212 785 3295 Expectotio
806 3214 918 3296 uulgi:
940 3212 1012 3275 nihil
1033 3210 1114 3275 enim

175 3298 281 3362 horum
296 3298 325 3360 in
342 3318 433 3361 cause
448 3311 505 3375 est,
517 3298 555 3360 ad
570 3320 691 3362 causam
705 3313 805 3363 tamen
816 3299 954 3384 pertinet.
994 3295 1151 3383 Adjicitar

178 3380 406 3467 Theophrastus
421 3383 458 3445 ab
471 3382 603 3446 oratione
616 3384 804 3468 principium,
816 3384 904 3468 quele
913 3383 1030 3447 videtur
1044 3404 1114 3449 csse

176 3464 393 3535 Demosthenis
408 3489 464 3553 pro
479 3466 691 3553 Ctesiphonte,
706 3484 740 3534 ut
753 3469 811 3533 sibi
825 3469 928 3533 dicere
943 3490 998 3533 suo
1012 3470 1113 3555 potius

177 3552 298 3622 arbitrio
312 3554 403 3621 liceat
417 3554 558 3639 rogantis,
576 3575 665 3639 quam
681 3578 719 3620 eo
733 3554 839 3633 modo,
852 3574 942 3640 quem
956 3570 1114 3621 accusator
