2459 4200
190 281 228 342 ts
472 297 509 340 rr,
529 295 623 349 stau
642 294 861 347 eutaricum

185 447 255 510 lassi
274 445 447 529 plerumque
463 447 629 508 devertunt.
676 442 745 509 Erit
762 467 833 529 ergo
848 445 1004 509 obscurior
1018 444 1118 522 etiam,

185 551 246 614 quo
260 530 385 614 quisque
401 531 541 594 deterior.

227 613 298 677 Non
319 614 433 678 excidit
453 615 535 692 mihi,
554 615 710 698 scripsisse
725 636 774 677 me
789 614 818 676 in
833 615 908 678 libro
923 614 1035 698 priore,
1051 635 1121 676 curn
1208 612 1209 617 ’

185 700 332 784 potiorem
355 700 385 762 in
407 700 517 763 scholis
541 701 736 763 eruditionem
759 721 838 776 esse,
856 721 945 783 qnam
964 699 1058 776 dorni,
1076 699 1120 761 di·

185 805 298 861 cerem,
316 784 452 847 libentius
475 807 508 847 se
531 784 626 869 prima
647 785 744 848 studia
766 799 886 848 teneros
907 807 945 847 ue
967 781 1140 869 prosectuss

184 869 221 934 ad
252 869 444 932 imitationem
474 869 760 952 condiscipulorum,
786 890 862 952 qnae
887 806 1002 932 lircilior
1026 884 1119 946 esset,

185 954 319 1036 erigere:
343 954 457 1036 quoda
472 954 646 1037 quibusdam
670 954 714 1016 sic
737 955 835 1037 accipi
851 967 962 1037 potest,
979 968 1121 1038 tanquam

185 1039 271 1116 haec,
286 1059 373 1121 quarn
389 1061 466 1101 nunc
482 1053 579 1116 tueor,
593 1038 737 1101 sententia
752 1039 843 1121 priori
859 1039 977 1101 diverse
992 1039 1041 1101 sit.
1081 1037 1120 1102 Id

184 1144 200 1186 a
216 1144 265 1185 me
281 1123 386 1206 procul
401 1124 516 1186 aberit:
541 1144 669 1206 namque
684 1145 720 1185 ea
735 1144 825 1186 causa
846 1123 895 1186 vel
915 1122 1045 1186 maxima
1060 1137 1119 1200 est,
1208 1178 1209 1193 ,

183 1229 237 1270 cur
253 1208 366 1290 optimo
383 1208 489 1290 cuique
504 1207 693 1292 praeceptori
708 1208 747 1270 sit
762 1208 920 1271 tradendus
935 1229 1020 1292 puer,
1037 1209 1152 1291 quodn

182 1293 261 1375 apud
278 1314 346 1355 curn
363 1293 499 1375 discipuli
515 1314 646 1376 quoque,
664 1293 769 1355 melius
789 1293 922 1367 instituti,
940 1307 989 1354 aut
1004 1292 1118 1370 dicent,

183 1378 264 1458 quod
290 1377 389 1440 inutile
416 1399 475 1439 non
498 1378 535 1440 sit
557 1377 663 1439 imitari
677 1398 686 1452 ;
710 1391 769 1453 ant,
795 1378 819 1439 si
846 1377 916 1460 quid
943 1376 1117 1454 erraverint,

183 1460 281 1522 statim
304 1460 508 1542 corrigentur:
532 1476 561 1522 at
582 1461 720 1524 indoctus
737 1461 785 1524 ille
801 1463 889 1523 etiam
905 1459 1042 1542 probabit
1057 1457 1119 1522 lor·

183 1557 262 1606 tasse
277 1544 395 1620 vitiose,
413 1558 443 1606 et
461 1545 580 1627 placere
601 1546 787 1609 audientibus
806 1545 920 1630 judicio
939 1565 994 1606 suo
1014 1559 1116 1626 coget.

185 1626 233 1694 Sit
256 1649 327 1711 ergo
358 1643 415 1691 tarn
439 1629 606 1712 eloquentia
629 1652 718 1713 qnam
739 1632 882 1708 moribus,
902 1629 1152 1712 praestantissi-rs
1190 1683 1192 1685 .

182 1734 260 1791 mus,
277 1713 327 1796 qui
350 1716 388 1776 ad
411 1713 574 1778 Phoenicis
596 1713 757 1778 Homerici
776 1715 949 1798 exemplum
964 1714 1066 1778 dicere
1081 1736 1119 1779 ac

182 1795 281 1862 lacere
298 1800 416 1864 doceat.
469 1798 529 1881 [ΙΙ.
549 1801 598 1880 3.]

543 2005 743 2018 -ι--α-

537 2160 677 2222 CAPUT
697 2161 752 2221 IV.

428 2346 468 2386 DE
483 2346 603 2386 orsrcto
619 2344 861 2386 ntscll’nnomtnt.

224 2482 346 2543 Panna
370 2482 407 2543 de
431 2483 537 2545 officiis
560 2482 732 2544 docentium
753 2481 882 2557 locutus,
899 2481 1063 2564 discipulos
1087 2483 1120 2548 id
1202 2547 1207 2558 ,

180 2586 269 2628 unum
285 2564 401 2627 interim
415 2585 524 2627 moneo
542 2587 548 2625 :
573 2580 604 2627 ut
620 2578 832 2647 praeceptores
847 2585 917 2627 suos
932 2586 991 2627 non
1007 2566 1118 2647 minus,

179 2670 268 2732 qnam
283 2650 347 2733 ipsa
363 2649 460 2712 studia
475 2664 595 2712 ament:
620 2664 650 2712 et
665 2663 803 2732 parentes
823 2672 903 2727 esse,
921 2672 980 2712 non
994 2650 1150 2734 quidemn

179 2756 351 2816 corporum,
369 2736 423 2797 sed
438 2735 591 2812 mentium,
605 2736 738 2797 credant.
785 2732 914 2797 Multum
928 2737 1003 2799 haec
1019 2736 1118 2820 pietas

178 2817 295 2881 consent
321 2819 437 2882 studio:
461 2841 530 2881 nam
557 2820 595 2883 ita
619 2834 650 2881 et
672 2819 798 2882 libenter
823 2820 954 2898 audient,
971 2836 1002 2884 et
1028 2822 1118 2886 dictis

173 2904 314 2980 credent,
332 2918 362 2966 et
377 2926 443 2967 esse
460 2904 569 2968 similes
585 2904 821 2987 concupiscent:
845 2906 874 2967 in
888 2906 971 2989 ipsos
987 2906 1118 2988 denique

174 3002 283 3051 ..coetus
299 2990 467 3052 scholarum
483 2989 550 3053 laeti
566 3004 596 3053 et
611 2989 725 3052 alacres
741 2991 940 3055 convenient:
964 2990 1116 3053 emendati

178 3096 236 3137 non
264 3074 439 3153 irascentur,
463 3075 572 3138 laudati
596 3076 789 3158 gaudebunt:
817 3090 849 3139 ut
872 3076 930 3139 sint
955 3072 1162 3153 carissimi,ss.

177 3160 276 3221 studio
292 3163 490 3224 merebuntur.
527 3160 605 3225 Nam
618 3174 649 3223 ut
661 3160 775 3224 illorum
787 3162 918 3224 officium
931 3173 977 3223 est
988 3159 1115 3239 docere,

178 3242 222 3303 sic
246 3241 351 3304 horum
374 3246 518 3339 praebere
541 3270 574 3308 se
597 3244 733 3308 dociles:
757 3246 866 3331 alioqui
887 3260 1022 3309 neutrum
1050 3245 1116 3309 sine

174 3324 271 3387 altero
287 3328 424 3389 sufficiet.
472 3328 515 3391 Et
528 3330 605 3391 sicut
621 3330 747 3395 hominis
762 3347 843 3393 ortus
858 3351 898 3391 ex
913 3344 1037 3411 utroque
1052 3330 1115 3413 gig·
1208 3403 1209 3408 η

140 3470 143 3475 ,
179 3410 310 3471 nentium
333 3410 494 3490 confertur,
512 3428 542 3476 et
563 3413 667 3477 frustra
688 3415 831 3499 sparseris
848 3413 974 3491 semina,
990 3414 1046 3476 nisi
1067 3415 1116 3479 illa

179 3496 380 3579 praemollitus
407 3495 514 3561 foverit
535 3500 658 3575 sulcus3
685 3500 724 3563 ita
751 3497 918 3580 eloquentia
939 3499 1148 3564 coalescerent

173 3580 290 3663 nequit,
311 3581 367 3645 nisi
390 3582 504 3647 sociata
520 3584 662 3648 tradentis
682 3582 916 3667 accipientisque
937 3584 1109 3649 concordia.

153 3741 157 3765 .
184 3662 246 3744 [11.
264 3667 312 3745 a]
