2459 4200
164 295 224 358 128
440 309 477 353 n.
498 309 592 352 runrr
611 305 833 360 ournrrnmnr

161 471 283 526 tuturus
289 457 401 542 fuisse,
418 459 445 522 ri
462 459 574 522 Latine
590 459 673 544 loqui
687 460 819 536 veltcut3
842 459 914 521 licet
932 457 1104 521 Caecilium
1193 502 1197 507 .

159 560 276 611 veteres
292 545 428 609 laudibus
443 545 561 622 ferant;
584 545 656 608 licet
678 546 814 608 Terentii
832 545 942 628 scripta
956 546 992 607 ad
1012 543 1104 626 Scip·
1225 612 1227 620 q

159 632 259 694 ionem
277 630 454 695 Africanum
477 630 664 694 referantur:
687 652 763 714 quae
786 647 885 693 tamen
906 629 1021 694 suntin
1041 629 1102 690 hoc
1175 685 1177 688 .
1225 644 1226 653 ¹

160 737 270 802 genere
286 717 514 800 elegantissima,
532 731 563 779 et
581 717 648 800 plus
669 717 767 779 adhuc
787 715 922 778 habitura
940 714 1061 798 gratiae,
1079 713 1105 775 si

161 803 353 866 introversus
369 803 517 866 trimetros
537 802 697 865 stetissent.
745 800 810 862 Vix
831 801 930 862 levem
946 797 1130 883 consequi-s

160 909 226 952 mur
240 890 387 966 umb'ram,
405 890 483 952 adeo
507 900 538 951 ut
561 887 631 948 mihi
654 908 754 948 sermo
778 886 842 969 ipse
866 884 1025 948 Romanus
1046 905 1107 947 non

160 973 296 1057 recipere
308 973 442 1036 videatur
454 973 534 1034 illam
550 972 620 1035 solis
633 993 810 1034 concessam
824 969 936 1032 Atticis
949 991 1105 1048 venerem,

181 1059 279 1121 nando
291 1079 356 1122 eam
371 1081 408 1122 ue
422 1058 535 1122 Graeci
548 1057 669 1141 quidem
684 1057 714 1118 in
729 1056 788 1118 alio
799 1077 908 1138 genere
922 1056 1039 1137 linguae
1050 1057 1108 1117 ob·

160 1079 309 1208 llnuerint.
348 1143 476 1228 Togatis
492 1143 613 1206 excellit
626 1139 792 1224 Afranius,
804 1141 972 1224 utinamque
987 1162 1046 1202 non
1063 1140 1106 1202 iu·

161 1230 312 1314 quiuasset
334 1243 507 1312 argumenta
529 1249 689 1312 puerorum
710 1225 806 1289 foedis
827 1227 989 1304 amoribus,
1008 1245 1145 1290 moresne

162 1337 232 1379 snos
248 1313 355 1378 lassus.

206 1398 252 1463 At
279 1423 340 1463 nou
370 1401 498 1463 historin
527 1397 673 1462 cesserim
704 1396 845 1472 Graecis,
866 1417 923 1459 nec
954 1417 1108 1480 opponere

164 1483 340 1566 Thucydidi
365 1485 545 1546 Sallustium
571 1503 702 1545 verear:
732 1502 831 1563 neque
861 1481 1027 1565 indignetur
1051 1481 1109 1544 sibi

163 1567 339 1630 Herodotus
359 1569 478 1650 aequari
501 1567 539 1629 Τ.
557 1565 693 1642 Liuium,
710 1589 781 1628 cnm
802 1567 830 1629 in
849 1569 996 1630 narrando
1014 1567 1109 1630 mirae

157 1652 364 1740 jucunditatiS,
381 1653 596 1737 clarissimique
612 1651 763 1729 candoris,
777 1666 839 1714 tum
854 1653 883 1714 in
900 1653 1106 1731 concionibus,
1118 1673 1146 1713 1³

162 1759 251 1824 supra
272 1759 362 1822 quam
385 1739 513 1801 enarrari
536 1751 648 1822 potest,
666 1737 879 1821 eloquentem:
903 1739 944 1800 ita
965 1759 1042 1821 qnae
1063 1738 1108 1800 di·
1225 1737 1227 1745 ’

163 1839 269 1889 cuntur
286 1824 398 1904 omnia,
416 1847 485 1887 cum
508 1824 609 1900 rebus,
627 1836 688 1885 tum
711 1823 859 1908 personis,
878 1824 1109 1886 accommodata

163 1925 254 1974 sunt:
278 1911 403 1972 affectus
427 1911 558 1993 quidem,
576 1909 740 1992 praecipue
764 1929 830 1985 eos,
848 1909 897 1992 qui
921 1923 988 1972 sunt
1013 1908 1108 1972 dulci·

163 2015 244 2071 ores,
260 2008 293 2055 ut
308 1994 482 2076 parcissime
499 1995 608 2070 dicam,
624 2014 712 2056 nemo
728 1993 937 2057 historicorum
953 2017 1108 2058 commen·

163 2079 245 2143 davit
266 2078 371 2163 magis.
420 2078 554 2163 Ideoque
578 2079 776 2142 immortalem
799 2079 878 2142 illam
903 2079 1037 2145 Sallustii
1056 2102 1145 2144 veen

163 2165 316 2229 locitatem
333 2164 457 2229 diversis
473 2164 628 2228 virtutibus
644 2180 825 2229 consecutus
841 2179 898 2229 est.
941 2166 1021 2229 Nam
1037 2167 1109 2229 mihi

164 2252 283 2337 egregie
307 2251 419 2315 dixisse
440 2252 558 2315 videtur
577 2252 727 2314 Seruilius
744 2252 926 2330 Nonianus,
944 2274 1030 2337 pares
1054 2274 1109 2315 eos

164 2340 270 2422 magis,
287 2359 374 2423 quam
391 2338 524 2401 similes:
548 2337 598 2421 qui
622 2352 653 2401 et
676 2338 741 2421 ipse
764 2358 780 2400 n
803 2338 889 2401 nobis
912 2338 1029 2402 auditus
1048 2352 1107 2415 est,

165 2424 233 2487 elati
249 2424 293 2487 vir
309 2424 429 2507 ingenii,
443 2439 473 2486 et
489 2423 641 2487 sententiis
657 2423 775 2501 creber,
793 2425 847 2487 sed
863 2424 958 2487 minus
974 2446 1107 2507 pressus,

165 2530 254 2595 quam
268 2508 407 2570 historiae
423 2508 583 2570 auctoritas
599 2508 740 2589 postulat.
1118 2531 1149 2572 ns
1225 2578 1226 2587 χ

208 2592 321 2665 Quam,
334 2592 463 2674 paullum
479 2606 573 2655 aetate
589 2593 776 2673 praecedens
789 2615 857 2655 eum
870 2594 988 2657 Burrus
1000 2591 1110 2676 Aufid-

164 2679 225 2753 ius,
244 2676 374 2757 egregie,
391 2676 492 2757 ntique
512 2677 541 2737 in
559 2676 641 2737 libris
656 2676 726 2738 belli
743 2675 931 2756 Germanioi,
948 2680 1110 2763 praestitit,

164 2781 272 2845 genere
285 2759 351 2841 ipso
368 2759 528 2843 probabilis
544 2760 573 2821 in
585 2760 735 2837 omnibus,
747 2763 801 2823 sed
817 2764 846 2824 in
858 2764 1034 2846 quibusdam
1050 2766 1112 2829 suis

164 2848 230 2931 ipse
247 2843 357 2907 viribus
374 2843 479 2906 minor.

212 2930 359 3015 Superest
378 2928 487 3007 adhuc,
506 2944 536 2993 et
559 2943 685 2993 exornat
706 2929 810 2993 aetatis
833 2944 953 2995 nostrae
971 2932 1148 3015 gloriam,au
1225 2895 1227 2998 l

165 3019 210 3085 vir
230 3017 418 3083 saeculorum
440 3015 583 3078 memoria
600 3015 717 3099 dignus,
735 3015 784 3101 qui
804 3015 876 3078 olim
898 3017 1110 3101 nominabitur,
1225 3019 1226 3036 .

165 3128 243 3171 nnnc
259 3104 439 3188 intelligitur.
488 3102 594 3166 Habet
614 3116 773 3180 amatores,
791 3123 847 3165 nec
868 3102 1031 3168 imitatores
1048 3126 1057 3182 ;
1080 3121 1113 3169 ut

165 3192 298 3266 libertas,
317 3210 482 3273 quanquam
504 3188 690 3253 circumcisis
706 3209 783 3272 quae
802 3187 939 3268 dixisset,
956 3189 983 3252 ei
999 3211 1111 3255 nocue-

165 3274 213 3337 rit.
265 3274 329 3337 sed
346 3275 454 3336 elatum
471 3275 587 3338 abunde
603 3274 751 3357 spiritum,
762 3289 792 3338 et
804 3275 933 3338 audaces
949 3275 1110 3341 sententias

167 3357 374 3440 deprehendas
397 3358 485 3420 etiam
509 3360 537 3421 in
560 3360 607 3437 iis,
626 3381 702 3444 quae
725 3375 853 3424 manent.
904 3360 982 3425 Sunt
1007 3375 1037 3424 et
1060 3362 1147 3427 aliiae
1222 3422 1227 3442 ,

167 3444 329 3526 scriptores
349 3442 444 3505 boni:
468 3446 522 3507 sed
542 3466 598 3509 nos
619 3466 729 3529 genera
744 3446 947 3528 degustamus,
963 3468 1023 3509 non
1046 3446 1112 3511 bib·

150 3530 312 3595 liothecas
328 3526 505 3591 excutimus.

217 3614 361 3677 Oratores
382 3634 455 3677 vero
480 3615 530 3677 vel
558 3616 718 3700 praecipue
745 3614 886 3680 Latinam
911 3618 1112 3702 eloquentiam
