<?xml version="1.0" encoding="UTF-8"?>
<!DOCTYPE html PUBLIC "-//W3C//DTD XHTML 1.0 Transitional//EN"
    "http://www.w3.org/TR/xhtml1/DTD/xhtml1-transitional.dtd">
<html xmlns="http://www.w3.org/1999/xhtml" xml:lang="en" lang="en">
 <head>
  <title>
</title>
<meta http-equiv="Content-Type" content="text/html;charset=utf-8" />
  <meta name='ocr-system' content='tesseract 3.04.00' />
  <meta name='ocr-capabilities' content='ocr_page ocr_carea ocr_par ocr_line ocrx_word'/>
</head>
<body>
  <div class='ocr_page' id='page_1' title='image "./mfabiiquinctili00aldegoog_0056.png"; bbox 0 0 2459 4200; ppageno 0'>
   <div class='ocr_carea' id='block_1_1' title="bbox 173 429 1219 2396">
    <p class='ocr_par' dir='ltr' id='par_1_1' title="bbox 173 429 1219 2396">
     <span class='ocr_line' id='line_1_1' title="bbox 177 429 1112 513; baseline -0.012 -14"><span class='ocrx_word' id='word_1_1' title='bbox 177 433 257 498; x_wconf 85' lang='lat' dir='ltr'><strong>Nam</strong></span> <span class='ocrx_word' id='word_1_2' title='bbox 272 434 379 498; x_wconf 86' lang='lat' dir='ltr'><strong>frustra</strong></span> <span class='ocrx_word' id='word_1_3' title='bbox 393 435 471 496; x_wconf 86' lang='lat' dir='ltr'><strong>mala</strong></span> <span class='ocrx_word' id='word_1_4' title='bbox 490 435 589 495; x_wconf 84' lang='lat' dir='ltr'><strong>omnia</strong></span> <span class='ocrx_word' id='word_1_5' title='bbox 602 434 643 494; x_wconf 88' lang='lat' dir='ltr'><strong>ad</strong></span> <span class='ocrx_word' id='word_1_6' title='bbox 660 429 776 494; x_wconf 86' lang='lat' dir='ltr'><strong>crimen</strong></span> <span class='ocrx_word' id='word_1_7' title='bbox 790 431 923 493; x_wconf 77' lang='lat' dir='ltr'><strong>fortunae</strong></span> <span class='ocrx_word' id='word_1_8' title='bbox 939 431 1112 513; x_wconf 78' lang='lat' dir='ltr'><strong>relegamus.</strong></span> 
     </span>
     <span class='ocr_line' id='line_1_2' title="bbox 178 515 1114 602; baseline -0.005 -20"><span class='ocrx_word' id='word_1_9' title='bbox 178 520 289 597; x_wconf 78' lang='lat' dir='ltr'><strong>Nemo,</strong></span> <span class='ocrx_word' id='word_1_10' title='bbox 307 520 362 582; x_wconf 89' lang='lat' dir='ltr'><strong>nisi</strong></span> <span class='ocrx_word' id='word_1_11' title='bbox 386 542 438 582; x_wconf 91' lang='lat' dir='ltr'><strong>sua</strong></span> <span class='ocrx_word' id='word_1_12' title='bbox 457 520 557 602; x_wconf 88' lang='lat' dir='ltr'><strong>culpa,</strong></span> <span class='ocrx_word' id='word_1_13' title='bbox 575 518 626 580; x_wconf 91' lang='lat' dir='ltr'><strong>diu</strong></span> <span class='ocrx_word' id='word_1_14' title='bbox 642 517 734 582; x_wconf 89' lang='lat' dir='ltr'><strong>dolet.</strong></span> <span class='ocrx_word' id='word_1_15' title='bbox 784 515 850 580; x_wconf 85' lang='lat' dir='ltr'><strong>Sed</strong></span> <span class='ocrx_word' id='word_1_16' title='bbox 865 516 1005 592; x_wconf 86' lang='lat' dir='ltr'><strong>vivimus,</strong></span> <span class='ocrx_word' id='word_1_17' title='bbox 1021 531 1051 578; x_wconf 89' lang='lat' dir='ltr'><strong>et</strong></span> <span class='ocrx_word' id='word_1_18' title='bbox 1064 516 1114 578; x_wconf 81' lang='lat' dir='ltr'><strong>ali·</strong></span> 
     </span>
     <span class='ocr_line' id='line_1_3' title="bbox 177 601 1218 688; baseline -0.004 -21"><span class='ocrx_word' id='word_1_19' title='bbox 177 625 234 688; x_wconf 89' lang='lat' dir='ltr'><strong>qua</strong></span> <span class='ocrx_word' id='word_1_20' title='bbox 257 605 376 668; x_wconf 83' lang='lat' dir='ltr'><strong>vivendi</strong></span> <span class='ocrx_word' id='word_1_21' title='bbox 400 605 476 668; x_wconf 90' lang='lat' dir='ltr'><strong>ratio</strong></span> <span class='ocrx_word' id='word_1_22' title='bbox 496 601 666 688; x_wconf 84' lang='lat' dir='ltr'><strong>quaerenda</strong></span> <span class='ocrx_word' id='word_1_23' title='bbox 688 616 756 665; x_wconf 83' lang='lat' dir='ltr'><strong>est:</strong></span> <span class='ocrx_word' id='word_1_24' title='bbox 780 602 1024 686; x_wconf 88' lang='lat' dir='ltr'><strong>credendumque</strong></span> <span class='ocrx_word' id='word_1_25' title='bbox 1045 601 1114 666; x_wconf 90' lang='lat' dir='ltr'><strong>doc·</strong></span> <span class='ocrx_word' id='word_1_26' title='bbox 1217 678 1218 687; x_wconf 8' lang='grc' dir='ltr'>ἵ</span> 
     </span>
     <span class='ocr_line' id='line_1_4' title="bbox 177 687 1218 775; baseline -0.003 -23"><span class='ocrx_word' id='word_1_27' title='bbox 177 691 299 754; x_wconf 88' lang='lat' dir='ltr'><strong>tissimis</strong></span> <span class='ocrx_word' id='word_1_28' title='bbox 329 691 507 768; x_wconf 86' lang='lat' dir='ltr'><strong>hominibus,</strong></span> <span class='ocrx_word' id='word_1_29' title='bbox 533 690 584 775; x_wconf 89' lang='lat' dir='ltr'><strong>qui</strong></span> <span class='ocrx_word' id='word_1_30' title='bbox 613 689 733 750; x_wconf 90' lang='lat' dir='ltr'><strong>unicum</strong></span> <span class='ocrx_word' id='word_1_31' title='bbox 757 688 953 750; x_wconf 84' lang='lat' dir='ltr'><strong>adversorum</strong></span> <span class='ocrx_word' id='word_1_32' title='bbox 982 687 1115 750; x_wconf 87' lang='lat' dir='ltr'><strong>solatium</strong></span> <span class='ocrx_word' id='word_1_33' title='bbox 1217 698 1218 749; x_wconf 84' lang='lat' dir='ltr'><strong>l</strong></span> 
     </span>
     <span class='ocr_line' id='line_1_5' title="bbox 177 766 1218 861; baseline 0 -23"><span class='ocrx_word' id='word_1_34' title='bbox 177 775 276 838; x_wconf 81' lang='lat' dir='ltr'><strong>literas</strong></span> <span class='ocrx_word' id='word_1_35' title='bbox 292 789 479 860; x_wconf 88' lang='lat' dir='ltr'><strong>putaverunt.</strong></span> <span class='ocrx_word' id='word_1_36' title='bbox 1121 790 1136 830; x_wconf 82' lang='lat'><strong>⁵</strong></span> <span class='ocrx_word' id='word_1_37' title='bbox 1217 766 1218 861; x_wconf 57' lang='lat' dir='ltr'><strong>l</strong></span> 
     </span>
     <span class='ocr_line' id='line_1_6' title="bbox 221 857 1219 946; baseline -0.011 -21"><span class='ocrx_word' id='word_1_38' title='bbox 221 860 397 946; x_wconf 81' lang='lat' dir='ltr'><strong>Siquando</strong></span> <span class='ocrx_word' id='word_1_39' title='bbox 419 875 518 924; x_wconf 88' lang='lat' dir='ltr'><strong>tamen</strong></span> <span class='ocrx_word' id='word_1_40' title='bbox 539 860 578 922; x_wconf 88' lang='lat' dir='ltr'><strong>ita</strong></span> <span class='ocrx_word' id='word_1_41' title='bbox 601 859 746 922; x_wconf 88' lang='lat' dir='ltr'><strong>resederit</strong></span> <span class='ocrx_word' id='word_1_42' title='bbox 767 877 909 941; x_wconf 85' lang='lat' dir='ltr'><strong>praeseus</strong></span> <span class='ocrx_word' id='word_1_43' title='bbox 931 857 1070 941; x_wconf 87' lang='lat' dir='ltr'><strong>impetus,</strong></span> <span class='ocrx_word' id='word_1_44' title='bbox 1086 872 1117 922; x_wconf 87' lang='lat' dir='ltr'><strong>ut</strong></span> <span class='ocrx_word' id='word_1_45' title='bbox 1217 866 1219 914; x_wconf 76' lang='grc' dir='ltr'>ἱ</span> 
     </span>
     <span class='ocr_line' id='line_1_7' title="bbox 177 943 1218 1028; baseline -0.002 -20"><span class='ocrx_word' id='word_1_46' title='bbox 177 947 272 1028; x_wconf 89' lang='lat' dir='ltr'><strong>alique</strong></span> <span class='ocrx_word' id='word_1_47' title='bbox 293 961 337 1010; x_wconf 91' lang='lat' dir='ltr'><strong>tot</strong></span> <span class='ocrx_word' id='word_1_48' title='bbox 359 947 487 1009; x_wconf 90' lang='lat' dir='ltr'><strong>luctibus</strong></span> <span class='ocrx_word' id='word_1_49' title='bbox 510 945 566 1008; x_wconf 82' lang='lat' dir='ltr'><strong>alia</strong></span> <span class='ocrx_word' id='word_1_50' title='bbox 590 943 732 1028; x_wconf 81' lang='lat' dir='ltr'><strong>cogitatio</strong></span> <span class='ocrx_word' id='word_1_51' title='bbox 755 943 844 1006; x_wconf 88' lang='lat' dir='ltr'><strong>inseri</strong></span> <span class='ocrx_word' id='word_1_52' title='bbox 872 944 976 1026; x_wconf 86' lang='lat' dir='ltr'><strong>possit,</strong></span> <span class='ocrx_word' id='word_1_53' title='bbox 992 965 1052 1004; x_wconf 92' lang='lat' dir='ltr'><strong>non</strong></span> <span class='ocrx_word' id='word_1_54' title='bbox 1074 944 1116 1006; x_wconf 61' lang='lat' dir='ltr'><strong>in*</strong></span> <span class='ocrx_word' id='word_1_55' title='bbox 1217 950 1218 971; x_wconf 66' lang='lat'>¹</span> 
     </span>
     <span class='ocr_line' id='line_1_8' title="bbox 173 1026 1117 1115; baseline 0.002 -23"><span class='ocrx_word' id='word_1_56' title='bbox 173 1029 254 1115; x_wconf 87' lang='lat' dir='ltr'><strong>juste</strong></span> <span class='ocrx_word' id='word_1_57' title='bbox 271 1033 407 1115; x_wconf 88' lang='lat' dir='ltr'><strong>petierim</strong></span> <span class='ocrx_word' id='word_1_58' title='bbox 423 1053 523 1094; x_wconf 84' lang='lat' dir='ltr'><strong>meme</strong></span> <span class='ocrx_word' id='word_1_59' title='bbox 539 1031 669 1094; x_wconf 82' lang='lat' dir='ltr'><strong>veniam.</strong></span> <span class='ocrx_word' id='word_1_60' title='bbox 715 1029 795 1099; x_wconf 83' lang='lat' dir='ltr'><strong>Quis</strong></span> <span class='ocrx_word' id='word_1_61' title='bbox 816 1026 896 1091; x_wconf 85' lang='lat' dir='ltr'><strong>eninr</strong></span> <span class='ocrx_word' id='word_1_62' title='bbox 914 1028 1003 1091; x_wconf 91' lang='lat' dir='ltr'><strong>dilata</strong></span> <span class='ocrx_word' id='word_1_63' title='bbox 1022 1029 1117 1094; x_wconf 83' lang='lat' dir='ltr'><strong>studia</strong></span> 
     </span>
     <span class='ocr_line' id='line_1_9' title="bbox 177 1114 1218 1201; baseline -0.002 -24"><span class='ocrx_word' id='word_1_64' title='bbox 177 1116 310 1194; x_wconf 89' lang='lat' dir='ltr'><strong>miretur,</strong></span> <span class='ocrx_word' id='word_1_65' title='bbox 328 1137 404 1201; x_wconf 88' lang='lat' dir='ltr'><strong>quae</strong></span> <span class='ocrx_word' id='word_1_66' title='bbox 427 1117 525 1201; x_wconf 90' lang='lat' dir='ltr'><strong>potius</strong></span> <span class='ocrx_word' id='word_1_67' title='bbox 548 1137 606 1178; x_wconf 92' lang='lat' dir='ltr'><strong>non</strong></span> <span class='ocrx_word' id='word_1_68' title='bbox 630 1117 754 1199; x_wconf 86' lang='lat' dir='ltr'><strong>abrupta</strong></span> <span class='ocrx_word' id='word_1_69' title='bbox 775 1135 843 1176; x_wconf 89' lang='lat' dir='ltr'><strong>esse</strong></span> <span class='ocrx_word' id='word_1_70' title='bbox 861 1114 1027 1176; x_wconf 88' lang='lat' dir='ltr'><strong>mirandum</strong></span> <span class='ocrx_word' id='word_1_71' title='bbox 1046 1115 1116 1176; x_wconf 80' lang='lat' dir='ltr'><strong>est?</strong></span> <span class='ocrx_word' id='word_1_72' title='bbox 1217 1134 1218 1191; x_wconf 56' lang='lat'><em>5</em></span> 
     </span>
     <span class='ocr_line' id='line_1_10' title="bbox 179 1199 1150 1286; baseline -0.006 -22"><span class='ocrx_word' id='word_1_73' title='bbox 179 1199 274 1278; x_wconf 86' lang='lat' dir='ltr'><strong>Tum,</strong></span> <span class='ocrx_word' id='word_1_74' title='bbox 289 1203 313 1264; x_wconf 90' lang='lat' dir='ltr'><strong>si</strong></span> <span class='ocrx_word' id='word_1_75' title='bbox 326 1223 384 1286; x_wconf 90' lang='lat' dir='ltr'><strong>qua</strong></span> <span class='ocrx_word' id='word_1_76' title='bbox 399 1201 506 1265; x_wconf 88' lang='lat' dir='ltr'><strong>fuerint</strong></span> <span class='ocrx_word' id='word_1_77' title='bbox 520 1203 616 1264; x_wconf 89' lang='lat' dir='ltr'><strong>minus</strong></span> <span class='ocrx_word' id='word_1_78' title='bbox 633 1202 742 1264; x_wconf 82' lang='lat' dir='ltr'><strong>effecte</strong></span> <span class='ocrx_word' id='word_1_79' title='bbox 758 1201 806 1277; x_wconf 85' lang='lat' dir='ltr'><strong>iis,</strong></span> <span class='ocrx_word' id='word_1_80' title='bbox 819 1220 896 1282; x_wconf 88' lang='lat' dir='ltr'><strong>quae</strong></span> <span class='ocrx_word' id='word_1_81' title='bbox 910 1200 1006 1262; x_wconf 87' lang='lat' dir='ltr'><strong>levius</strong></span> <span class='ocrx_word' id='word_1_82' title='bbox 1020 1200 1150 1264; x_wconf 79' lang='lat' dir='ltr'><strong>adhucne</strong></span> 
     </span>
     <span class='ocr_line' id='line_1_11' title="bbox 177 1285 1116 1372; baseline -0.001 -24"><span class='ocrx_word' id='word_1_83' title='bbox 177 1286 280 1350; x_wconf 84' lang='lat' dir='ltr'><strong>afflicti</strong></span> <span class='ocrx_word' id='word_1_84' title='bbox 310 1309 519 1372; x_wconf 81' lang='lat' dir='ltr'><strong>coeperamus,</strong></span> <span class='ocrx_word' id='word_1_85' title='bbox 547 1287 726 1372; x_wconf 78' lang='lat' dir='ltr'>imperitanti</span> <span class='ocrx_word' id='word_1_86' title='bbox 748 1285 882 1348; x_wconf 79' lang='lat' dir='ltr'><strong>fortunae</strong></span> <span class='ocrx_word' id='word_1_87' title='bbox 911 1285 1116 1348; x_wconf 82' lang='lat' dir='ltr'><strong>remittantur:</strong></span> 
     </span>
     <span class='ocr_line' id='line_1_12' title="bbox 176 1370 1116 1456; baseline 0.002 -24"><span class='ocrx_word' id='word_1_88' title='bbox 176 1389 264 1454; x_wconf 87' lang='lat' dir='ltr'><strong>quae,</strong></span> <span class='ocrx_word' id='word_1_89' title='bbox 283 1374 305 1435; x_wconf 91' lang='lat' dir='ltr'><strong>si</strong></span> <span class='ocrx_word' id='word_1_90' title='bbox 323 1375 393 1456; x_wconf 90' lang='lat' dir='ltr'><strong>quid</strong></span> <span class='ocrx_word' id='word_1_91' title='bbox 409 1375 604 1436; x_wconf 84' lang='lat' dir='ltr'><strong>mediocrium</strong></span> <span class='ocrx_word' id='word_1_92' title='bbox 620 1373 730 1454; x_wconf 82' lang='lat' dir='ltr'><strong>alioqui</strong></span> <span class='ocrx_word' id='word_1_93' title='bbox 751 1373 780 1432; x_wconf 93' lang='lat' dir='ltr'><strong>in</strong></span> <span class='ocrx_word' id='word_1_94' title='bbox 798 1385 902 1434; x_wconf 87' lang='lat' dir='ltr'><strong>nostro</strong></span> <span class='ocrx_word' id='word_1_95' title='bbox 918 1370 1035 1454; x_wconf 80' lang='lat' dir='ltr'><strong>ingenio</strong></span> <span class='ocrx_word' id='word_1_96' title='bbox 1050 1371 1116 1434; x_wconf 87' lang='lat' dir='ltr'><strong>viri·</strong></span> 
     </span>
     <span class='ocr_line' id='line_1_13' title="bbox 176 1455 1117 1532; baseline 0.004 -16"><span class='ocrx_word' id='word_1_97' title='bbox 176 1475 225 1516; x_wconf 90' lang='lat' dir='ltr'><strong>um</strong></span> <span class='ocrx_word' id='word_1_98' title='bbox 241 1455 306 1532; x_wconf 90' lang='lat' dir='ltr'><strong>fuit,</strong></span> <span class='ocrx_word' id='word_1_99' title='bbox 323 1472 355 1518; x_wconf 92' lang='lat' dir='ltr'><strong>ut</strong></span> <span class='ocrx_word' id='word_1_100' title='bbox 373 1479 433 1518; x_wconf 92' lang='lat' dir='ltr'><strong>non</strong></span> <span class='ocrx_word' id='word_1_101' title='bbox 454 1459 626 1530; x_wconf 87' lang='lat' dir='ltr'><strong>extinxerit,</strong></span> <span class='ocrx_word' id='word_1_102' title='bbox 643 1455 808 1517; x_wconf 91' lang='lat' dir='ltr'><strong>debilitavit</strong></span> <span class='ocrx_word' id='word_1_103' title='bbox 829 1469 940 1518; x_wconf 81' lang='lat' dir='ltr'><strong>tamem</strong></span> <span class='ocrx_word' id='word_1_104' title='bbox 990 1456 1055 1520; x_wconf 85' lang='lat' dir='ltr'><strong>Sed</strong></span> <span class='ocrx_word' id='word_1_105' title='bbox 1069 1456 1117 1520; x_wconf 88' lang='lat' dir='ltr'><strong>vel</strong></span> 
     </span>
     <span class='ocr_line' id='line_1_14' title="bbox 176 1541 1117 1624; baseline 0.006 -25"><span class='ocrx_word' id='word_1_106' title='bbox 176 1553 299 1622; x_wconf 89' lang='lat' dir='ltr'><strong>propter</strong></span> <span class='ocrx_word' id='word_1_107' title='bbox 321 1541 380 1602; x_wconf 89' lang='lat' dir='ltr'><strong>boc</strong></span> <span class='ocrx_word' id='word_1_108' title='bbox 403 1561 458 1603; x_wconf 90' lang='lat' dir='ltr'><strong>nos</strong></span> <span class='ocrx_word' id='word_1_109' title='bbox 481 1541 688 1603; x_wconf 86' lang='lat' dir='ltr'><strong>contumacius</strong></span> <span class='ocrx_word' id='word_1_110' title='bbox 711 1541 869 1622; x_wconf 82' lang='lat' dir='ltr'><strong>erigamus,</strong></span> <span class='ocrx_word' id='word_1_111' title='bbox 886 1543 968 1624; x_wconf 89' lang='lat' dir='ltr'><strong>quod</strong></span> <span class='ocrx_word' id='word_1_112' title='bbox 988 1542 1067 1604; x_wconf 86' lang='lat' dir='ltr'><strong>illem</strong></span> <span class='ocrx_word' id='word_1_113' title='bbox 1087 1556 1117 1606; x_wconf 92' lang='lat' dir='ltr'><strong>ut</strong></span> 
     </span>
     <span class='ocr_line' id='line_1_15' title="bbox 175 1621 1152 1707; baseline 0.007 -23"><span class='ocrx_word' id='word_1_114' title='bbox 175 1621 307 1707; x_wconf 90' lang='lat' dir='ltr'><strong>perferre</strong></span> <span class='ocrx_word' id='word_1_115' title='bbox 323 1625 410 1687; x_wconf 88' lang='lat' dir='ltr'><strong>nobis</strong></span> <span class='ocrx_word' id='word_1_116' title='bbox 425 1625 546 1687; x_wconf 90' lang='lat' dir='ltr'><strong>difficile</strong></span> <span class='ocrx_word' id='word_1_117' title='bbox 562 1640 620 1702; x_wconf 87' lang='lat' dir='ltr'><strong>est,</strong></span> <span class='ocrx_word' id='word_1_118' title='bbox 636 1625 677 1687; x_wconf 92' lang='lat' dir='ltr'><strong>ita</strong></span> <span class='ocrx_word' id='word_1_119' title='bbox 692 1624 780 1688; x_wconf 86' lang='lat' dir='ltr'><strong>facile</strong></span> <span class='ocrx_word' id='word_1_120' title='bbox 795 1641 1002 1690; x_wconf 82' lang='lat' dir='ltr'><strong>contemnere.</strong></span> <span class='ocrx_word' id='word_1_121' title='bbox 1037 1627 1152 1691; x_wconf 75' lang='lat' dir='ltr'><strong>Nihilo</strong></span> 
     </span>
     <span class='ocr_line' id='line_1_16' title="bbox 175 1709 1218 1796; baseline 0.008 -26"><span class='ocrx_word' id='word_1_122' title='bbox 175 1709 253 1771; x_wconf 91' lang='lat' dir='ltr'><strong>enim</strong></span> <span class='ocrx_word' id='word_1_123' title='bbox 271 1709 325 1773; x_wconf 90' lang='lat' dir='ltr'><strong>sibi</strong></span> <span class='ocrx_word' id='word_1_124' title='bbox 341 1711 484 1774; x_wconf 84' lang='lat' dir='ltr'><strong>adversus</strong></span> <span class='ocrx_word' id='word_1_125' title='bbox 500 1731 548 1773; x_wconf 89' lang='lat' dir='ltr'><strong>me</strong></span> <span class='ocrx_word' id='word_1_126' title='bbox 564 1711 693 1794; x_wconf 89' lang='lat' dir='ltr'><strong>reliquit,</strong></span> <span class='ocrx_word' id='word_1_127' title='bbox 706 1724 749 1787; x_wconf 88' lang='lat' dir='ltr'><strong>ct,</strong></span> <span class='ocrx_word' id='word_1_128' title='bbox 763 1710 914 1774; x_wconf 90' lang='lat' dir='ltr'><strong>infelicem</strong></span> <span class='ocrx_word' id='word_1_129' title='bbox 928 1713 1049 1796; x_wconf 87' lang='lat' dir='ltr'><strong>quidem</strong></span> <span class='ocrx_word' id='word_1_130' title='bbox 1064 1716 1117 1777; x_wconf 89' lang='lat' dir='ltr'><strong>sed</strong></span> <span class='ocrx_word' id='word_1_131' title='bbox 1217 1718 1218 1753; x_wconf 46' lang='lat' dir='ltr'><strong>i</strong></span> 
     </span>
     <span class='ocr_line' id='line_1_17' title="bbox 175 1795 1116 1872; baseline 0.003 -15"><span class='ocrx_word' id='word_1_132' title='bbox 175 1795 371 1858; x_wconf 79' lang='lat' dir='ltr'><strong>certissimam</strong></span> <span class='ocrx_word' id='word_1_133' title='bbox 384 1811 494 1872; x_wconf 90' lang='lat' dir='ltr'><strong>tamen,</strong></span> <span class='ocrx_word' id='word_1_134' title='bbox 507 1797 600 1860; x_wconf 87' lang='lat' dir='ltr'><strong>attulit</strong></span> <span class='ocrx_word' id='word_1_135' title='bbox 612 1797 683 1859; x_wconf 84' lang='lat' dir='ltr'><strong>milri</strong></span> <span class='ocrx_word' id='word_1_136' title='bbox 699 1818 739 1859; x_wconf 87' lang='lat' dir='ltr'><strong>ex</strong></span> <span class='ocrx_word' id='word_1_137' title='bbox 755 1797 799 1860; x_wconf 89' lang='lat' dir='ltr'><strong>his</strong></span> <span class='ocrx_word' id='word_1_138' title='bbox 814 1798 899 1860; x_wconf 89' lang='lat' dir='ltr'><strong>malis</strong></span> <span class='ocrx_word' id='word_1_139' title='bbox 914 1799 1116 1862; x_wconf 78' lang='lat' dir='ltr'><strong>securitatem.</strong></span> 
     </span>
     <span class='ocr_line' id='line_1_18' title="bbox 176 1879 1118 1968; baseline 0.006 -27"><span class='ocrx_word' id='word_1_140' title='bbox 176 1879 255 1942; x_wconf 90' lang='lat' dir='ltr'><strong>Boni</strong></span> <span class='ocrx_word' id='word_1_141' title='bbox 271 1896 370 1944; x_wconf 87' lang='lat' dir='ltr'><strong>autem</strong></span> <span class='ocrx_word' id='word_1_142' title='bbox 387 1883 544 1946; x_wconf 87' lang='lat' dir='ltr'><strong>consulere</strong></span> <span class='ocrx_word' id='word_1_143' title='bbox 563 1898 696 1946; x_wconf 86' lang='lat' dir='ltr'><strong>nostrum</strong></span> <span class='ocrx_word' id='word_1_144' title='bbox 710 1883 843 1946; x_wconf 87' lang='lat' dir='ltr'><strong>laborem</strong></span> <span class='ocrx_word' id='word_1_145' title='bbox 858 1885 907 1946; x_wconf 86' lang='lat' dir='ltr'><strong>vel</strong></span> <span class='ocrx_word' id='word_1_146' title='bbox 921 1899 1044 1968; x_wconf 90' lang='lat' dir='ltr'><strong>propter</strong></span> <span class='ocrx_word' id='word_1_147' title='bbox 1058 1885 1118 1948; x_wconf 90' lang='lat' dir='ltr'><strong>hoc</strong></span> 
     </span>
     <span class='ocr_line' id='line_1_19' title="bbox 175 1967 1219 2053; baseline 0.007 -27"><span class='ocrx_word' id='word_1_148' title='bbox 175 1983 303 2046; x_wconf 87' lang='lat' dir='ltr'><strong>eequum</strong></span> <span class='ocrx_word' id='word_1_149' title='bbox 318 1981 375 2044; x_wconf 86' lang='lat' dir='ltr'><strong>est,</strong></span> <span class='ocrx_word' id='word_1_150' title='bbox 393 1969 473 2050; x_wconf 93' lang='lat' dir='ltr'><strong>quod</strong></span> <span class='ocrx_word' id='word_1_151' title='bbox 490 1969 517 2030; x_wconf 94' lang='lat' dir='ltr'><strong>in</strong></span> <span class='ocrx_word' id='word_1_152' title='bbox 534 1970 645 2032; x_wconf 94' lang='lat' dir='ltr'><strong>nullum</strong></span> <span class='ocrx_word' id='word_1_153' title='bbox 663 1967 725 2053; x_wconf 87' lang='lat' dir='ltr'><strong>jam</strong></span> <span class='ocrx_word' id='word_1_154' title='bbox 746 1967 899 2052; x_wconf 87' lang='lat' dir='ltr'><strong>proprium</strong></span> <span class='ocrx_word' id='word_1_155' title='bbox 914 1991 999 2032; x_wconf 87' lang='lat' dir='ltr'><strong>usum</strong></span> <span class='ocrx_word' id='word_1_156' title='bbox 1015 1991 1117 2052; x_wconf 87' lang='lat' dir='ltr'><strong>perse·</strong></span> <span class='ocrx_word' id='word_1_157' title='bbox 1217 2008 1219 2045; x_wconf 70' lang='lat'><strong>,</strong></span> 
     </span>
     <span class='ocr_line' id='line_1_20' title="bbox 173 2053 1218 2138; baseline 0.008 -26"><span class='ocrx_word' id='word_1_158' title='bbox 173 2069 323 2129; x_wconf 85' lang='lat' dir='ltr'><strong>vetamus,</strong></span> <span class='ocrx_word' id='word_1_159' title='bbox 342 2053 394 2115; x_wconf 90' lang='lat' dir='ltr'><strong>sed</strong></span> <span class='ocrx_word' id='word_1_160' title='bbox 417 2053 512 2117; x_wconf 91' lang='lat' dir='ltr'><strong>omnis</strong></span> <span class='ocrx_word' id='word_1_161' title='bbox 537 2054 611 2117; x_wconf 89' lang='lat' dir='ltr'><strong>baec</strong></span> <span class='ocrx_word' id='word_1_162' title='bbox 634 2075 705 2117; x_wconf 91' lang='lat' dir='ltr'><strong>cura</strong></span> <span class='ocrx_word' id='word_1_163' title='bbox 727 2055 766 2117; x_wconf 93' lang='lat' dir='ltr'><strong>ad</strong></span> <span class='ocrx_word' id='word_1_164' title='bbox 788 2054 898 2119; x_wconf 88' lang='lat' dir='ltr'><strong>alienas</strong></span> <span class='ocrx_word' id='word_1_165' title='bbox 920 2054 1058 2118; x_wconf 75' lang='lat' dir='ltr'><strong>utilitates</strong></span> <span class='ocrx_word' id='word_1_166' title='bbox 1079 2056 1154 2138; x_wconf 74' lang='lat' dir='ltr'><strong>(sia</strong></span> <span class='ocrx_word' id='word_1_167' title='bbox 1217 2064 1218 2110; x_wconf 84' lang='lat' dir='ltr'><strong>l</strong></span> 
     </span>
     <span class='ocr_line' id='line_1_21' title="bbox 174 2136 1120 2224; baseline 0.012 -27"><span class='ocrx_word' id='word_1_168' title='bbox 174 2136 265 2199; x_wconf 89' lang='lat' dir='ltr'><strong>modo</strong></span> <span class='ocrx_word' id='word_1_169' title='bbox 281 2138 352 2221; x_wconf 91' lang='lat' dir='ltr'><strong>quid</strong></span> <span class='ocrx_word' id='word_1_170' title='bbox 367 2139 437 2201; x_wconf 91' lang='lat' dir='ltr'><strong>utile</strong></span> <span class='ocrx_word' id='word_1_171' title='bbox 459 2140 630 2221; x_wconf 85' lang='lat' dir='ltr'><strong>scribimus)</strong></span> <span class='ocrx_word' id='word_1_172' title='bbox 650 2154 777 2224; x_wconf 89' lang='lat' dir='ltr'><strong>spectat.</strong></span> <span class='ocrx_word' id='word_1_173' title='bbox 825 2141 891 2206; x_wconf 91' lang='lat' dir='ltr'><strong>Nos</strong></span> <span class='ocrx_word' id='word_1_174' title='bbox 911 2140 1023 2218; x_wconf 88' lang='lat' dir='ltr'><strong>miseri,</strong></span> <span class='ocrx_word' id='word_1_175' title='bbox 1041 2140 1120 2207; x_wconf 89' lang='lat' dir='ltr'><strong>sicut</strong></span> 
     </span>
     <span class='ocr_line' id='line_1_22' title="bbox 173 2218 1118 2312; baseline 0.01 -30"><span class='ocrx_word' id='word_1_176' title='bbox 173 2218 329 2286; x_wconf 80' lang='lat' dir='ltr'><strong>facultates</strong></span> <span class='ocrx_word' id='word_1_177' title='bbox 349 2225 516 2307; x_wconf 91' lang='lat' dir='ltr'><strong>patrimonii</strong></span> <span class='ocrx_word' id='word_1_178' title='bbox 535 2227 640 2303; x_wconf 86' lang='lat' dir='ltr'><strong>nostri,</strong></span> <span class='ocrx_word' id='word_1_179' title='bbox 658 2227 698 2289; x_wconf 88' lang='lat' dir='ltr'><strong>ita</strong></span> <span class='ocrx_word' id='word_1_180' title='bbox 714 2226 772 2289; x_wconf 87' lang='lat' dir='ltr'><strong>boc</strong></span> <span class='ocrx_word' id='word_1_181' title='bbox 788 2248 863 2311; x_wconf 91' lang='lat' dir='ltr'><strong>opus</strong></span> <span class='ocrx_word' id='word_1_182' title='bbox 879 2227 943 2291; x_wconf 88' lang='lat' dir='ltr'><strong>aliis</strong></span> <span class='ocrx_word' id='word_1_183' title='bbox 959 2248 1118 2312; x_wconf 83' lang='lat' dir='ltr'><strong>praepara·</strong></span> 
     </span>
     <span class='ocr_line' id='line_1_23' title="bbox 173 2306 916 2396; baseline 0.008 -26"><span class='ocrx_word' id='word_1_184' title='bbox 173 2306 289 2387; x_wconf 62' lang='lat' dir='ltr'><strong>murus,</strong></span> <span class='ocrx_word' id='word_1_185' title='bbox 308 2309 371 2374; x_wconf 90' lang='lat' dir='ltr'><strong>aliis</strong></span> <span class='ocrx_word' id='word_1_186' title='bbox 388 2311 598 2396; x_wconf 88' lang='lat' dir='ltr'><strong>relinquemus.</strong></span> <span class='ocrx_word' id='word_1_187' title='bbox 651 2311 728 2393; x_wconf 86' lang='lat' dir='ltr'><strong>[Vl.</strong></span> <span class='ocrx_word' id='word_1_188' title='bbox 748 2312 916 2392; x_wconf 61' lang='lat' dir='ltr'><strong>Proteo]</strong></span> 
     </span>
    </p>
   </div>
   <div class='ocr_carea' id='block_1_2' title="bbox 179 88 1219 332">
    <p class='ocr_par' dir='ltr' id='par_1_2' title="bbox 179 88 1219 332">
     <span class='ocr_line' id='line_1_24' title="bbox 1217 88 1219 173; baseline 0 0"><span class='ocrx_word' id='word_1_189' title='bbox 1217 88 1219 173; x_wconf 78' lang='lat' dir='ltr'><strong>l</strong></span> 
     </span>
     <span class='ocr_line' id='line_1_25' title="bbox 179 178 1219 332; baseline -0.006 -4"><span class='ocrx_word' id='word_1_190' title='bbox 179 271 223 332; x_wconf 82' lang='lat'><strong>50</strong></span> <span class='ocrx_word' id='word_1_191' title='bbox 468 283 504 326; x_wconf 81' lang='lat' dir='ltr'><strong>rr.</strong></span> <span class='ocrx_word' id='word_1_192' title='bbox 526 283 621 326; x_wconf 82' lang='lat' dir='ltr'><strong>rrnrr</strong></span> <span class='ocrx_word' id='word_1_193' title='bbox 640 279 863 332; x_wconf 80' lang='lat' dir='ltr'><strong>aurnrrcrrnr</strong></span> <span class='ocrx_word' id='word_1_194' title='bbox 1217 178 1219 313; x_wconf 86' lang='lat' dir='ltr'><strong>i</strong></span> 
     </span>
    </p>
   </div>
   <div class='ocr_carea' id='block_1_3' title="bbox 516 2610 764 2694">
    <p class='ocr_par' dir='ltr' id='par_1_3' title="bbox 516 2610 764 2694">
     <span class='ocr_line' id='line_1_26' title="bbox 516 2610 764 2694; baseline 0.008 -23"><span class='ocrx_word' id='word_1_195' title='bbox 516 2612 662 2694; x_wconf 77' lang='lat' dir='ltr'><strong>carun¹</strong></span> <span class='ocrx_word' id='word_1_196' title='bbox 678 2610 764 2673; x_wconf 84' lang='lat' dir='ltr'><strong>xtv.</strong></span> 
     </span>
    </p>
   </div>
   <div class='ocr_carea' id='block_1_4' title="bbox 500 2788 783 2831">
    <p class='ocr_par' dir='ltr' id='par_1_4' title="bbox 500 2635 1219 2844">
     <span class='ocr_line' id='line_1_27' title="bbox 500 2788 783 2831; baseline 0.004 -5"><span class='ocrx_word' id='word_1_197' title='bbox 500 2788 540 2827; x_wconf 84' lang='lat' dir='ltr'><strong>un</strong></span> <span class='ocrx_word' id='word_1_198' title='bbox 556 2788 783 2831; x_wconf 80' lang='lat' dir='ltr'><strong>rnaonrrrortu.</strong></span> 
     </span>
    </p>
   </div>
   <div class='ocr_carea' id='block_1_5' title="bbox 140 2920 1218 3702">
    <p class='ocr_par' dir='ltr' id='par_1_5' title="bbox 173 2920 1156 3182">
     <span class='ocr_line' id='line_1_28' title="bbox 216 2920 1119 3012; baseline 0.011 -28"><span class='ocrx_word' id='word_1_199' title='bbox 216 2920 424 2986; x_wconf 78' lang='lat' dir='ltr'><strong>Puaoasrro</strong></span> <span class='ocrx_word' id='word_1_200' title='bbox 457 2926 647 3009; x_wconf 86' lang='lat' dir='ltr'><strong>sequebatur,</strong></span> <span class='ocrx_word' id='word_1_201' title='bbox 680 2948 768 3011; x_wconf 90' lang='lat' dir='ltr'><strong>quam</strong></span> <span class='ocrx_word' id='word_1_202' title='bbox 799 2932 952 2992; x_wconf 81' lang='lat' dir='ltr'><strong>cumulem</strong></span> <span class='ocrx_word' id='word_1_203' title='bbox 980 2932 1119 3012; x_wconf 86' lang='lat' dir='ltr'><strong>quidam,</strong></span> 
     </span>
     <span class='ocr_line' id='line_1_29' title="bbox 173 3010 1156 3100; baseline 0.002 -29"><span class='ocrx_word' id='word_1_204' title='bbox 173 3010 392 3074; x_wconf 73' lang='lat' dir='ltr'><strong>conclusionem</strong></span> <span class='ocrx_word' id='word_1_205' title='bbox 415 3010 464 3075; x_wconf 89' lang='lat' dir='ltr'><strong>alii</strong></span> <span class='ocrx_word' id='word_1_206' title='bbox 487 3027 606 3076; x_wconf 89' lang='lat' dir='ltr'><strong>vocant.</strong></span> <span class='ocrx_word' id='word_1_207' title='bbox 653 3010 730 3097; x_wconf 86' lang='lat' dir='ltr'><strong>Ejus</strong></span> <span class='ocrx_word' id='word_1_208' title='bbox 753 3014 866 3098; x_wconf 86' lang='lat' dir='ltr'><strong>duplex</strong></span> <span class='ocrx_word' id='word_1_209' title='bbox 887 3014 962 3078; x_wconf 87' lang='lat' dir='ltr'><strong>ratio</strong></span> <span class='ocrx_word' id='word_1_210' title='bbox 984 3030 1041 3094; x_wconf 91' lang='lat' dir='ltr'><strong>est,</strong></span> <span class='ocrx_word' id='word_1_211' title='bbox 1059 3033 1156 3100; x_wconf 75' lang='lat' dir='ltr'><strong>po·as</strong></span> 
     </span>
     <span class='ocr_line' id='line_1_30' title="bbox 173 3095 1145 3182; baseline 0.011 -24"><span class='ocrx_word' id='word_1_212' title='bbox 173 3095 228 3159; x_wconf 86' lang='lat' dir='ltr'><strong>sita</strong></span> <span class='ocrx_word' id='word_1_213' title='bbox 243 3111 292 3160; x_wconf 89' lang='lat' dir='ltr'><strong>aut</strong></span> <span class='ocrx_word' id='word_1_214' title='bbox 308 3098 336 3159; x_wconf 91' lang='lat' dir='ltr'><strong>in</strong></span> <span class='ocrx_word' id='word_1_215' title='bbox 352 3099 453 3175; x_wconf 88' lang='lat' dir='ltr'><strong>rebus,</strong></span> <span class='ocrx_word' id='word_1_216' title='bbox 472 3112 521 3163; x_wconf 86' lang='lat' dir='ltr'><strong>eut</strong></span> <span class='ocrx_word' id='word_1_217' title='bbox 540 3099 568 3161; x_wconf 88' lang='lat' dir='ltr'><strong>in</strong></span> <span class='ocrx_word' id='word_1_218' title='bbox 587 3100 755 3163; x_wconf 85' lang='lat' dir='ltr'><strong>affectibus.</strong></span> <span class='ocrx_word' id='word_1_219' title='bbox 803 3102 918 3162; x_wconf 84' lang='lat' dir='ltr'><strong>Rerum</strong></span> <span class='ocrx_word' id='word_1_220' title='bbox 933 3101 1069 3182; x_wconf 81' lang='lat' dir='ltr'><strong>repetitio</strong></span> <span class='ocrx_word' id='word_1_221' title='bbox 1087 3119 1122 3168; x_wconf 88' lang='lat' dir='ltr'><strong>et</strong></span> <span class='ocrx_word' id='word_1_222' title='bbox 1140 3113 1145 3120; x_wconf 87' lang='lat'>&#39;</span> 
     </span>
    </p>

    <p class='ocr_par' dir='ltr' id='par_1_6' title="bbox 140 3179 1218 3612">
     <span class='ocr_line' id='line_1_31' title="bbox 140 3179 1120 3272; baseline 0.009 -32"><span class='ocrx_word' id='word_1_223' title='bbox 140 3227 146 3235; x_wconf 35' lang='grc' dir='ltr'><em>Ι</em></span> <span class='ocrx_word' id='word_1_224' title='bbox 173 3185 376 3266; x_wconf 79' lang='lat' dir='ltr'><strong>congregatio,</strong></span> <span class='ocrx_word' id='word_1_225' title='bbox 394 3206 469 3267; x_wconf 88' lang='lat' dir='ltr'><strong>quae</strong></span> <span class='ocrx_word' id='word_1_226' title='bbox 490 3184 612 3250; x_wconf 86' lang='lat' dir='ltr'><strong>Graece</strong></span> <span class='ocrx_word' id='word_1_227' title='bbox 636 3184 743 3248; x_wconf 88' lang='lat' dir='ltr'><strong>dicitur</strong></span> <span class='ocrx_word' id='word_1_228' title='bbox 764 3179 988 3258; x_wconf 66' lang='grc' dir='ltr'><strong>ἅνακεφαλαῑωσις</strong></span> <span class='ocrx_word' id='word_1_229' title='bbox 1011 3209 1029 3250; x_wconf 89' lang='lat' dir='ltr'><strong>a</strong></span> <span class='ocrx_word' id='word_1_230' title='bbox 1050 3190 1120 3272; x_wconf 91' lang='lat' dir='ltr'><strong>qui·</strong></span> 
     </span>
     <span class='ocr_line' id='line_1_32' title="bbox 172 3264 1120 3358; baseline 0.017 -35"><span class='ocrx_word' id='word_1_231' title='bbox 172 3264 297 3326; x_wconf 88' lang='lat' dir='ltr'><strong>busdam</strong></span> <span class='ocrx_word' id='word_1_232' title='bbox 327 3265 504 3329; x_wconf 87' lang='lat' dir='ltr'><strong>Latinorum</strong></span> <span class='ocrx_word' id='word_1_233' title='bbox 534 3270 730 3349; x_wconf 83' lang='lat' dir='ltr'><strong>eounrerotio,</strong></span> <span class='ocrx_word' id='word_1_234' title='bbox 755 3288 786 3336; x_wconf 90' lang='lat' dir='ltr'><strong>et</strong></span> <span class='ocrx_word' id='word_1_235' title='bbox 808 3275 982 3338; x_wconf 88' lang='lat' dir='ltr'><strong>memoriam</strong></span> <span class='ocrx_word' id='word_1_236' title='bbox 1002 3272 1120 3358; x_wconf 86' lang='lat' dir='ltr'><strong>judicis</strong></span> 
     </span>
     <span class='ocr_line' id='line_1_33' title="bbox 172 3348 1218 3441; baseline 0.016 -32"><span class='ocrx_word' id='word_1_237' title='bbox 172 3348 279 3424; x_wconf 88' lang='lat' dir='ltr'><strong>reficit,</strong></span> <span class='ocrx_word' id='word_1_238' title='bbox 303 3362 332 3411; x_wconf 91' lang='lat' dir='ltr'><strong>et</strong></span> <span class='ocrx_word' id='word_1_239' title='bbox 357 3364 451 3413; x_wconf 88' lang='lat' dir='ltr'><strong>totam</strong></span> <span class='ocrx_word' id='word_1_240' title='bbox 474 3351 561 3414; x_wconf 90' lang='lat' dir='ltr'><strong>simul</strong></span> <span class='ocrx_word' id='word_1_241' title='bbox 585 3376 707 3419; x_wconf 88' lang='lat' dir='ltr'><strong>causam</strong></span> <span class='ocrx_word' id='word_1_242' title='bbox 733 3358 817 3441; x_wconf 92' lang='lat' dir='ltr'><strong>pouit</strong></span> <span class='ocrx_word' id='word_1_243' title='bbox 843 3375 910 3421; x_wconf 91' lang='lat' dir='ltr'><strong>ante</strong></span> <span class='ocrx_word' id='word_1_244' title='bbox 936 3362 1053 3437; x_wconf 90' lang='lat' dir='ltr'><strong>oculos,</strong></span> <span class='ocrx_word' id='word_1_245' title='bbox 1071 3375 1118 3439; x_wconf 89' lang='lat' dir='ltr'><strong>et,</strong></span> <span class='ocrx_word' id='word_1_246' title='bbox 1217 3381 1218 3396; x_wconf 69' lang='lat'>³</span> 
     </span>
     <span class='ocr_line' id='line_1_34' title="bbox 173 3432 1154 3519; baseline 0.018 -26"><span class='ocrx_word' id='word_1_247' title='bbox 173 3432 289 3496; x_wconf 86' lang='lat' dir='ltr'><strong>etiamsi</strong></span> <span class='ocrx_word' id='word_1_248' title='bbox 315 3456 369 3519; x_wconf 90' lang='lat' dir='ltr'><strong>per</strong></span> <span class='ocrx_word' id='word_1_249' title='bbox 398 3435 510 3519; x_wconf 85' lang='lat' dir='ltr'><strong>singula</strong></span> <span class='ocrx_word' id='word_1_250' title='bbox 539 3438 635 3504; x_wconf 91' lang='lat' dir='ltr'><strong>minus</strong></span> <span class='ocrx_word' id='word_1_251' title='bbox 665 3458 812 3519; x_wconf 84' lang='lat' dir='ltr'><strong>moverat,</strong></span> <span class='ocrx_word' id='word_1_252' title='bbox 834 3444 918 3507; x_wconf 85' lang='lat' dir='ltr'><strong>turba</strong></span> <span class='ocrx_word' id='word_1_253' title='bbox 938 3446 1028 3509; x_wconf 87' lang='lat' dir='ltr'><strong>valet.</strong></span> <span class='ocrx_word' id='word_1_254' title='bbox 1078 3446 1154 3513; x_wconf 78' lang='lat' dir='ltr'><strong>Inoo</strong></span> 
     </span>
     <span class='ocr_line' id='line_1_35' title="bbox 172 3519 1117 3612; baseline 0.018 -31"><span class='ocrx_word' id='word_1_255' title='bbox 172 3519 242 3599; x_wconf 87' lang='lat' dir='ltr'><strong>hac,</strong></span> <span class='ocrx_word' id='word_1_256' title='bbox 263 3541 340 3604; x_wconf 89' lang='lat' dir='ltr'><strong>quae</strong></span> <span class='ocrx_word' id='word_1_257' title='bbox 362 3536 544 3609; x_wconf 87' lang='lat' dir='ltr'><strong>repetemus,</strong></span> <span class='ocrx_word' id='word_1_258' title='bbox 570 3547 659 3610; x_wconf 90' lang='lat' dir='ltr'><strong>quam</strong></span> <span class='ocrx_word' id='word_1_259' title='bbox 681 3527 857 3592; x_wconf 86' lang='lat' dir='ltr'><strong>brevissime</strong></span> <span class='ocrx_word' id='word_1_260' title='bbox 881 3530 1008 3595; x_wconf 88' lang='lat' dir='ltr'><strong>dicenda</strong></span> <span class='ocrx_word' id='word_1_261' title='bbox 1032 3547 1117 3612; x_wconf 87' lang='lat' dir='ltr'><strong>sunt,</strong></span> 
     </span>
    </p>

    <p class='ocr_par' dir='ltr' id='par_1_7' title="bbox 173 3602 1115 3702">
     <span class='ocr_line' id='line_1_36' title="bbox 173 3602 1115 3702; baseline 0.014 -35"><span class='ocrx_word' id='word_1_262' title='bbox 173 3618 214 3682; x_wconf 88' lang='lat' dir='ltr'><strong>et,</strong></span> <span class='ocrx_word' id='word_1_263' title='bbox 232 3606 314 3695; x_wconf 92' lang='lat' dir='ltr'><strong>quod</strong></span> <span class='ocrx_word' id='word_1_264' title='bbox 330 3602 453 3672; x_wconf 87' lang='lat' dir='ltr'><strong>Graeco</strong></span> <span class='ocrx_word' id='word_1_265' title='bbox 468 3609 561 3674; x_wconf 88' lang='lat' dir='ltr'><strong>verbo</strong></span> <span class='ocrx_word' id='word_1_266' title='bbox 580 3627 675 3697; x_wconf 89' lang='lat' dir='ltr'><strong>patet,</strong></span> <span class='ocrx_word' id='word_1_267' title='bbox 693 3615 911 3679; x_wconf 89' lang='lat' dir='ltr'><strong>decurrendum</strong></span> <span class='ocrx_word' id='word_1_268' title='bbox 926 3640 982 3702; x_wconf 90' lang='lat' dir='ltr'><strong>per</strong></span> <span class='ocrx_word' id='word_1_269' title='bbox 996 3620 1115 3702; x_wconf 82' lang='lat' dir='ltr'><strong>capito.</strong></span> 
     </span>
    </p>
   </div>
   <div class='ocr_carea' id='block_1_6' title="bbox 0 0 1234 4200">
    <p class='ocr_par' dir='ltr' id='par_1_8' title="bbox 0 0 1234 4200">
     <span class='ocr_line' id='line_1_37' title="bbox 0 0 1234 4200; baseline 0 1"><span class='ocrx_word' id='word_1_270' title='bbox 0 0 1234 4200; x_wconf 95' lang='lat' dir='ltr'><strong> </strong></span> 
     </span>
    </p>
   </div>
  </div>
 </body>
</html>
