2459 4200
357 283 513 328 sensere
530 285 679 338 oueosrr
697 287 834 332 caetra.
1019 279 1080 340 147

132 438 185 502 lnd
200 435 316 501 virttnis
332 433 474 499 iudicium
489 451 547 515 est,
565 435 700 517 fundere,
717 461 793 524 quae
811 455 914 506 natura
928 458 1084 510 contracta

138 537 217 601 sunt,
231 543 342 606 augere
357 541 461 606 parva,
473 522 646 586 varietatem
661 525 817 602 similibus,
828 527 1013 612 voluptatem
1027 551 1080 594 ex·

137 607 244 694 positis
261 608 393 684 darefet
408 606 485 670 bene
501 607 602 670 dicere
618 609 709 673 multa
723 611 763 674 de
778 611 893 712 panem.

182 692 221 756 In
238 693 297 756 hoc
318 691 432 840 affitime
448 689 558 756 sacient
573 691 712 777 infinitae
727 706 924 780 quaestiones,
939 719 1013 782 quas
1027 721 1081 764 vo·

118 779 204 842 acori
220 785 308 846 θέσεις
356 776 467 853 ximus,
484 777 589 860 quibus
605 778 719 844 Cicero
737 780 802 866 jam
822 781 964 868 princeps
986 783 1015 846 in
1035 805 1081 848 re·

138 863 260 949 publica
281 861 418 926 exerceri
445 862 569 926 solebat.
617 863 679 928 His
701 866 827 932 confinis
850 883 897 931 est
919 869 1083 932 destructio

138 963 170 1013 et
192 947 379 1012 confirmatio
405 947 627 1012 sententiarum.
672 948 753 1014 Nam
778 973 849 1014 cum
874 953 913 1017 sit
937 954 1083 1018 sententia

138 1035 296 1100 decretum
326 1033 478 1117 quoddam
507 1047 594 1118 atque
625 1050 846 1120 praeceptum
867 1039 949 1122 quod
971 1039 1010 1102 de
1035 1060 1080 1115 re,

138 1119 220 1183 idem
243 1119 282 1182 de
308 1117 425 1203 judicio
448 1117 491 1180 rei
514 1121 616 1202 quaeri
646 1135 756 1205 potest.
805 1122 887 1186 Tum
913 1123 974 1186 loci
1003 1143 1082 1186 eom·

105 1225 255 1280 santanae,
266 1225 342 1288 quos
358 1202 447 1266 etiam
463 1203 590 1286 scriptos
606 1205 645 1268 ab
659 1205 827 1269 oratoribus
842 1207 964 1270 scimus.
1003 1206 1084 1270 Nam

139 1291 191 1374 qni
205 1291 280 1352 haec
296 1303 380 1352 recta
395 1301 519 1365 tantum,
531 1303 561 1351 et
576 1289 606 1351 in
621 1290 717 1353 nullos
733 1290 830 1354 flexus
844 1291 1017 1353 recedentia
1030 1304 1083 1353 co·'

138 1375 226 1460 piosa
241 1373 422 1450 tractaverit,
434 1373 534 1456 utique
550 1373 579 1437 in
594 1373 651 1438 illis
665 1373 765 1472 plures
780 1395 924 1438 excursus
935 1374 1083 1458 recipien-

139 1460 217 1524 tibus
238 1459 331 1542 magis
347 1457 519 1536 abundabit,
537 1459 651 1543 eritque
667 1481 696 1522 rn
710 1481 815 1524 omues
830 1481 937 1524 causas
952 1474 1080 1545 paratus.

139 1543 255 1608 Omnes
270 1545 351 1608 enim
371 1543 556 1626 generalibus
572 1544 794 1629 quaestionibus
809 1560 956 1610 constant.
1003 1543 1083 1610 Nam

106 1630 210 1714 sequid
233 1631 367 1706 interest,
389 1627 552 1692 Corneliam
573 1630 832 1714 tribunusplebis
849 1631 929 1716 qaaed
950 1631 1083 1695 codicem

139 1715 258 1798 legerit,
272 1737 341 1778 reus
357 1714 395 1777 sit
411 1733 419 1774 ι
443 1735 480 1777 an
496 1735 683 1798 quaeramus,
703 1716 877 1780 leetarne
892 1717 1044 1812 ntajertar,
1055 1717 1083 1777 si

138 1801 336 1882 magnarum
353 1800 540 1884 rogationem
558 1819 646 1861 raam
663 1801 776 1882 popule
797 1800 861 1882 ipse
882 1799 1083 1860 recitaverit?

139 1885 229 1948 Milo
250 1882 392 1947 Clodiam
418 1893 533 1946 rectene
563 1884 719 1960 occiderit,
735 1883 835 1946 veniat
859 1883 887 1944 in
913 1881 1083 1967 judicium:

92 2018 103 2026 .
140 1991 191 2046 an,
216 1968 393 2051 oporteatne
419 1968 628 2032 insidiatorem
653 1966 796 2052 interfici,
812 1969 861 2031 nel
878 1967 1083 2052 perniciosam

104 2054 325 2139 mreipublicae
341 2055 446 2133 civem,
458 2054 575 2118 etiamsi
590 2075 652 2118 non
666 2053 861 2119 innatant
898 2053 975 2118 Cato
989 2053 1082 2119 Mar·

139 2141 219 2205 eiam
240 2141 396 2203 honestene
417 2140 581 2204 tradiderit
598 2139 783 2204 Hortensio:
806 2164 856 2218 an,
877 2138 1083 2202 conveniatne

138 2226 274 2289 rettulit
288 2226 363 2289 bono
378 2226 444 2288 niro
460 2225 477 2289 l
521 2224 575 2287 De
590 2225 726 2307 personis
737 2224 899 2309 judicatur,
911 2224 965 2285 sed
982 2222 1020 2284 de
1035 2244 1083 2285 re·

138 2311 195 2377 bus
211 2312 409 2376 contenditur.

182 2396 427 2460 Declamationes
449 2416 534 2473 vere,
552 2393 656 2477 quales
678 2393 708 2454 in
733 2390 845 2456 scholis
868 2391 1018 2453 rhetomm
1039 2391 1083 2453 di·

104 2496 255 2560 secuntur,
273 2482 298 2546 si
323 2483 415 2546 modo
441 2496 508 2545 sunt
530 2480 568 2543 ad
590 2478 748 2543 veritatem
774 2475 1036 2553 accommodatae,
1053 2492 1084 2539 et

139 2567 320 2631 orationibus
337 2567 459 2646 similes,
471 2588 530 2630 non
545 2564 742 2629 tantumdem
756 2561 902 2627 adolescit
917 2560 1081 2646 profectus,

139 2664 207 2715 sunt
221 2652 405 2730 utilissimae,
422 2674 497 2736 quae
521 2650 721 2714 inventionem
743 2664 774 2713 et
789 2647 1015 2732 dispositionem
1030 2669 1082 2732 pa·

138 2734 210 2799 riter
224 2750 379 2815 exercent,
397 2738 452 2802 sed
468 2737 557 2801 etiarn
573 2758 643 2799 cum
659 2750 705 2799 est
720 2748 954 2813 consummatus,
970 2756 1007 2797 ac
1018 2733 1083 2819 jam

138 2820 168 2883 in
185 2819 251 2885 soro
273 2823 381 2887 clarus.
429 2822 529 2887 Alitur
550 2822 629 2885 enirn
649 2837 737 2905 atque
753 2820 902 2897 enitescit,
914 2820 995 2884 velut
1010 2818 1083 2903 pab-

104 2904 187 2971 aulo
210 2906 346 2984 laetiore,
363 2906 514 2985 facundia,
532 2922 562 2969 et
585 2906 702 2969 assidua
723 2905 947 2969 contentionum
969 2903 1081 2985 asperi·

137 3004 198 3055 tate
213 2989 333 3074 fatigata
348 3007 515 3053 renovatur.

181 3075 378 3156 Quapropter
396 3074 538 3137 historiae
561 3089 770 3151 nonnunquam
792 3068 912 3130 ubertas
934 3066 963 3126 in
985 3065 1084 3148 aliqua

135 3155 302 3224 exercendi
325 3156 383 3218 stili
427 3170 489 3219 arte
511 3153 662 3239 ponenda,
680 3166 711 3213 et
732 3151 926 3233 dialogorum
947 3148 1083 3215 libertate

157 3239 337 3307 estiendum.
415 3262 432 3303 e
459 3239 593 3302 carmine
620 3236 742 3321 quidem
769 3235 873 3299 ludere
903 3236 1083 3302 conuarinm

105 3266 247 3395 eriserit:
272 3325 349 3389 sicut
365 3326 504 3403 athletae,
516 3324 640 3388 remissa
650 3323 824 3407 quibusdam
841 3322 1024 3406 temporibus
1039 3325 1083 3388 ci·

137 3415 244 3477 borum
269 3426 357 3496 atque
381 3412 630 3477 exercitationum
652 3424 734 3473 certa
758 3407 950 3488 necessitate,
966 3410 1029 3474 otio
1052 3424 1083 3473 at

92 3506 102 3515 '
134 3498 361 3584 jucundioribus
382 3498 477 3584 epulis
492 3496 674 3561 reficiuntur.
722 3495 858 3580 Ideoque
880 3494 952 3558 mihi
967 3494 1083 3556 videtur

140 3582 188 3646 M.
205 3582 322 3649 Ttdlius
339 3598 451 3649 tanturn
470 3582 602 3647 intulisse
622 3581 808 3667 eloquentiae
828 3580 939 3655 lumen,
955 3576 1036 3659 quod
1051 3574 1082 3637 in
