2459 4200
332 265 487 312 srcrcrt
504 264 659 321 actoru
675 269 814 316 cartre.
1018 259 1063 322 97

112 416 143 564 ps
156 417 268 516 optime
287 432 465 502 componet,
482 419 532 502 qui
551 420 611 484 hoc
630 419 729 484 solutu
748 423 952 508 componendi
965 425 1062 510 gratie

125 518 251 652 aclitatio
277 609 351 650 vero
375 589 486 671 pedum
511 589 541 652 in
568 589 702 654 oratioue
723 607 770 656 est
796 593 902 669 multo,
918 595 1059 679 quamia

112 693 213 749 versu,
231 673 404 736 difficilior:
428 673 566 757 primum,
584 676 665 759 quod
680 698 784 740 versus
803 679 908 762 paucis
923 681 1058 746 coadae-

77 776 92 814 s
114 771 173 834 tur,
184 758 277 820 oratio
291 758 441 840 longiores
458 759 548 823 habet
563 781 655 843 saepe
670 760 833 839 circuitus;
855 764 965 828 deiude
976 767 1056 849 quod

113 863 219 906 versus
237 865 356 926 semper
373 843 476 906 similis
500 844 556 908 sibi
580 860 637 923 est,
655 861 686 909 et
707 869 763 912 uua
783 849 897 912 ratione
913 849 1056 928 decurrit,

112 928 253 992 omdouis
269 929 451 1012 compositio
472 929 526 992 nisi
545 929 626 993 varia
647 946 706 1008 est,
723 947 752 996 et
774 934 901 998 offendit
922 934 1056 1000 similitu·

112 1011 191 1090 diue,
210 1028 241 1076 et
256 1013 449 1076 affectatione
465 1014 707 1099 deprehenditur.

155 1095 199 1162 Et
213 1099 243 1162 in
259 1098 476 1181 omniquidem
492 1121 633 1184 corpore,
651 1117 775 1185 totoque
794 1103 840 1186 (ut
855 1103 895 1168 ita
910 1097 1053 1190 dixerim)

78 1195 221 1260 retractu,
236 1204 375 1246 numerus
390 1183 516 1248 insertus
532 1199 588 1248 est.
635 1185 744 1269 Neque
758 1188 838 1251 enim
853 1188 933 1271 loqui
950 1212 1055 1272 possu-

111 1289 192 1343 mus,
209 1268 263 1332 uisi
278 1291 296 1331 e
311 1269 431 1351 syllabis
452 1269 592 1332 brevibus
608 1291 645 1332 ac
660 1270 768 1353 longis,
785 1273 944 1354 exquibus
960 1273 1057 1356 pedes

110 1353 194 1418 fiunt.

152 1436 255 1522 Magis
270 1452 370 1502 umen
386 1454 416 1500 et
431 1439 616 1504 desideratur
636 1439 665 1502 iu
685 1440 837 1518 clausulis,
854 1454 885 1504 et
906 1458 1053 1526 apparet:

108 1523 249 1606 primum,
262 1524 331 1606 quia
347 1545 450 1589 sensus
466 1525 561 1588 omnis
577 1525 667 1589 habet
682 1548 769 1588 suum
783 1526 884 1604 finem,
896 1527 1054 1622 poscitque

77 1609 241 1672 truaturale
265 1610 538 1694 intervallumque
561 1631 577 1672 a
600 1611 752 1693 sequentis
775 1612 858 1676 initio
880 1613 1052 1677 dividatur:

107 1693 232 1772 deinde,
249 1695 330 1778 quod
346 1716 449 1770 aures,
462 1694 631 1758 continuam
648 1717 757 1759 vocem
778 1712 914 1773 secutae,
931 1699 1057 1774 duamez

106 1800 167 1863 que
182 1780 266 1842 velut
285 1801 381 1863 prono
396 1780 579 1842 decurrentis
595 1781 735 1844 orationis
755 1781 889 1856 flumine,
905 1795 968 1841 tum
989 1802 1052 1843 ma-

106 1863 154 1946 gis
167 1862 312 1948 judicant,
330 1865 464 1936 camille
483 1864 611 1947 impetus
632 1865 724 1941 stetit,
741 1879 772 1926 et
787 1863 919 1927 intuendi
935 1878 1053 1947 tempus

107 1949 205 2012 dedit.
251 1947 319 2013 Nou
335 1950 421 2033 igitur
437 1950 541 2012 durum
560 1949 597 2012 sit
617 1969 714 2032 neque
729 1949 898 2033 abruptum,
915 1971 975 2034 quo
990 1950 1051 2014 aui·

75 2034 149 2096 sami
166 2035 247 2098 velut
261 2035 405 2120 respirant
421 2057 457 2098 ac
474 2034 653 2098 reficiuntur.
701 2033 792 2099 Haec
814 2050 861 2099 est
880 2036 970 2101 sedes
984 2059 1052 2101 ora·

106 2120 209 2197 tionis,
226 2122 287 2191 hoc
302 2122 418 2185 auditor
438 2135 606 2205 exspectat,
624 2122 673 2183 bic
691 2122 755 2185 laus
776 2123 873 2186 omnis
889 2121 1049 2186 declamat.

152 2206 330 2269 Proximam
343 2206 481 2269 clausulis
494 2206 674 2288 diligentiam
692 2209 840 2289 postulant
855 2206 935 2266 initia
951 2226 958 2265 ε
982 2227 1052 2268 nam

106 2305 136 2354 et
153 2292 181 2354 in
197 2292 274 2355 haec
290 2292 417 2355 intentus
433 2291 549 2353 auditor
565 2304 622 2352 est.
671 2290 735 2354 Sed
755 2311 859 2352 eorum
875 2286 990 2350 facilior
1005 2310 1051 2351 ra-

106 2376 149 2439 tio
174 2392 230 2441 est.
278 2376 348 2439 Nou
371 2377 451 2439 enim
473 2375 648 2450 cohaerent,
665 2374 720 2436 sed
743 2374 782 2435 ita
802 2371 1052 2455 praecedentibus

74 2462 251 2539 asserviant,
269 2476 300 2525 ut
326 2462 482 2525 exordium
513 2473 630 2525 sumant
650 2480 724 2523 aum
751 2456 883 2521 clausula
906 2455 1048 2540 qualibet.

108 2546 160 2613 Sit
181 2562 280 2610 umen
303 2546 470 2629 composita
494 2546 582 2628 ipsa;
604 2544 728 2628 gratiam
751 2543 869 2627 perdet,
886 2542 911 2605 si
930 2542 967 2605 ad
984 2564 1051 2607 eam

104 2646 193 2716 rupta
218 2632 266 2695 via
291 2631 471 2696 venerimus.
519 2630 592 2701 Quo
615 2632 659 2707 fit,
676 2645 721 2709 ut,
737 2652 807 2693 cum
829 2628 1049 2695 Demosthenis

105 2738 216 2781 severa
226 2718 361 2781 videatur
376 2714 568 2799 compositio,
582 2730 687 2799 πρῶτον
700 2728 764 2795 μὲν,
778 2721 799 2781 d
812 2726 912 2800 ἄνδρες
921 2727 1049 2797 Ἀθηναῖ-

28 2834 30 2841 ’
105 2830 143 2877 οι,
166 2821 221 2873 τοῖς
245 2812 317 2875 θεοῖς
338 2815 453 2880 εὔχομαι
472 2814 542 2863 πᾶσι
563 2820 609 2865 nal
629 2816 758 2877 πάσαιςε
780 2823 810 2871 et
831 2807 879 2869 illa
900 2808 990 2892 (quae
1012 2806 1057 2869 ab·

75 2912 179 2969 nuno,
197 2892 278 2975 quod
293 2890 399 2968 sciam,
417 2890 513 2953 Bruto
530 2890 625 2955 rninus
641 2894 793 2977 probatur,
807 2894 917 2956 ceteris
932 2891 1053 2975 placet)¹

107 2988 162 3039 κᾶν
175 2990 256 3056 μήπω
270 2985 367 3065 βάλλῃ,
380 2986 448 3055 pendi
465 2986 586 3064 rofielp:
606 2976 791 3040 Ciceronem
808 2989 930 3055 carpanl
946 2977 975 3035 in
991 2974 1049 3049 his,

15 3098 17 3105 ·
108 3065 294 3127 Familiaris
319 3075 455 3147 caeperat
477 3085 536 3125 esse
560 3061 742 3135 balneatori,
759 3073 802 3131 et,
818 3059 896 3120 Nan
921 3055 1052 3116 nimiam

107 3150 192 3211 dura
221 3150 436 3232 archipiratae.
483 3148 561 3211 Nam
593 3142 763 3207 balneatori
788 3155 819 3202 et
841 3137 1051 3217 archipiratae

107 3233 191 3297 idem
214 3232 279 3297 finis
300 3249 357 3313 est,
374 3236 424 3319 qui
447 3246 517 3295 πᾶσι
539 3246 586 3293 nal
605 3239 722 3299 πάσαις,
738 3225 834 3310 etqui
854 3232 922 3303 μηδὲ
943 3234 1049 3309 τοξεύῃ·

78 3319 162 3383 used
178 3318 278 3403 priora
293 3335 361 3384 suut
378 3321 538 3385 severiora.
585 3318 646 3383 Est
667 3316 697 3379 iu
718 3335 757 3378 eo
771 3333 890 3397 quoque
905 3293 1050 3394 nonnihil,
1116 3394 1119 3399 Ι

108 3406 188 3486 quod
212 3404 262 3467 hic
285 3405 405 3487 siugulis
427 3405 527 3469 verbis
549 3405 610 3467 bini
637 3402 731 3487 pedes
755 3400 953 3479 continentur,
969 3401 1059 3485 quod

109 3488 196 3553 atium
210 3489 242 3552 in
253 3490 433 3553 carminibus
449 3503 495 3553 cst
510 3489 679 3572 permolle:
701 3509 759 3551 nec
771 3486 867 3550 solum
882 3488 932 3550 ubi
943 3485 1050 3565 quinae
1152 3526 1158 3541 s

109 3574 240 3657 syllabae
270 3589 440 3723 nectuntqur,
457 3590 489 3639 ut
514 3572 544 3637 ia
568 3574 627 3651 his,
644 3572 824 3636 Fortissima
854 3563 1057 3653 Tyndarida·-
