2459 4200
346 317 500 361 sutscrr
519 315 668 369 quantu
686 317 823 362 erarrr.
1030 304 1072 364 ω

128 467 217 532 ferret
242 467 391 531 Milonem
414 489 470 552 pto
492 468 590 552 capite
613 490 667 532 suo
689 468 917 552 supplicantem,
935 467 985 552 qui
1004 489 1072 534 ase

126 555 222 618 virum
238 554 371 617 nobilem
389 553 587 630 intersectum,
605 555 673 638 quia
687 555 719 616 id
738 555 803 616 lieri
817 554 1012 638 oportuisset,
1027 552 1071 618 it·

126 653 239 703 teretur
255 640 268 700 ?
313 637 398 724 Ergo
414 640 508 702 atille
524 640 657 723 captavit
671 661 711 702 ex
725 641 790 723 ipsa
809 640 988 723 praestantia
1007 639 1070 704 ani·

128 726 170 787 mi
182 724 328 804 latorem,
343 725 417 788 etin
432 724 532 787 locum
548 725 735 788 lacrimarum
750 724 816 810 ejus
830 724 896 809 ipss
910 725 1067 788 successit.

107 833 122 872 s
176 809 234 874 His
249 810 413 896 praecipue
428 811 503 872 locis
524 810 609 873 utiles
631 825 698 872 sunt
714 814 961 892 prosopopoeiae,
979 809 1072 874 idest

130 896 215 958 tictae
237 897 397 958 alienarum
422 917 613 979 personarum
637 897 798 970 orationes,
816 896 919 979 quales
941 895 1070 978 litigato·

127 1001 192 1043 rem
207 983 329 1059 decent,
347 981 394 1043 vel
414 995 579 1064 patronum.
629 979 735 1044 Mutae
754 995 854 1044 tamen
870 1003 919 1044 res
934 992 1068 1058 movent,

127 1079 176 1128 aut
192 1089 261 1129 cum
283 1067 354 1150 ipsis
375 1067 532 1150 loquimur,
550 1081 600 1128 aut
622 1087 691 1128 cum
715 1067 794 1150 ipsas
817 1067 896 1150 loqui
919 1065 1067 1149 fingimus.

127 1149 182 1213 Ex
196 1153 330 1234 personis
342 1173 462 1235 quoque
478 1151 598 1214 trahitur
612 1153 749 1214 affectus.
788 1150 858 1214 Non
873 1152 952 1214 enim
967 1150 1070 1214 audire

6 1241 7 1268 ³
92 1259 122 1298 1o
125 1235 225 1321 judex
238 1237 352 1299 videtur
367 1237 461 1299 aliena
483 1237 559 1297 mala
576 1237 734 1312 dedentes,
751 1237 806 1298 sed
828 1258 950 1298 sensum
964 1256 1000 1297 ac
1016 1255 1071 1296 vo·

6 1347 7 1356 ¹
130 1343 199 1384 cem
218 1322 334 1385 auribus
354 1323 496 1405 accipere
516 1320 704 1395 miserorum,
721 1339 846 1402 quorum
868 1320 958 1382 etiarn
973 1332 1071 1382 mutus

126 1419 268 1490 aspectus
291 1407 427 1470 lacrimas
451 1420 577 1468 movet:
602 1420 770 1488 quantoque
793 1419 895 1467 essent
917 1403 1070 1466 miserabi-

125 1492 209 1569 liora,
227 1493 252 1554 si
267 1514 304 1555 ea
319 1494 454 1555 dicerent
469 1491 537 1574 ipsi,
555 1505 637 1552 tanto
653 1505 719 1552 sunt
734 1491 861 1574 quadarn
877 1489 1015 1574 portione
1030 1489 1069 1553 ad

127 1578 317 1641 afficiendum
331 1577 507 1661 potentoria,
520 1598 589 1638 cum
599 1576 680 1638 velut
696 1576 827 1659 ipsorum
843 1597 896 1639 ore
908 1575 1068 1638 dicuntur:

6 1669 8 1706 l
92 1677 159 1726 15111
174 1664 302 1726 scenicis
319 1663 471 1725 actoribus
492 1662 598 1724 eadem
613 1683 687 1737 vox,
705 1663 870 1745 eademque
891 1659 1068 1744 pronuncia·

126 1749 169 1810 tio
184 1751 250 1833 plus
265 1750 303 1811 ad
319 1749 485 1810 movendos
502 1747 629 1809 affectus
650 1747 706 1808 sub
724 1768 853 1830 persona
869 1747 958 1808 valet.
1007 1744 1069 1806 Ita·

124 1855 185 1918 que
207 1835 288 1896 idem
310 1833 436 1911 Cicero,
461 1853 628 1916 quanquam
653 1853 760 1914 preces
782 1849 844 1891 non
866 1830 917 1890 dat
945 1826 1065 1906 Miloni,

129 1939 257 2002 eumque
279 1920 375 2002 potius
406 1919 495 1982 animi
518 1916 697 2000 praestantia
724 1914 925 1991 commendat,
944 1933 1068 1976 accom-

127 2004 261 2066 modavit
281 2004 307 2066 ei
329 2020 429 2068 tamen
445 2004 547 2078 verba,
566 2001 780 2064 convenientes
804 2000 893 2062 etiam
915 1997 984 2061 sorti
1003 1999 1068 2062 viro

6 2150 7 2159 ,
90 2091 380 2175 soconquestiones:
410 2089 579 2173 Osrnstrn,
592 2087 774 2172 inquit,mei
789 2083 1069 2168 susceptilodorct!

6 2178 7 2187 ’
131 2175 160 2237 0
174 2196 240 2259 spes
247 2176 406 2259 fallaces!
433 2176 462 2238 0
476 2176 673 2257 cogitationes
686 2175 796 2234 icones
810 2171 916 2232 cuae!

168 2261 330 2346 Nunquam
352 2277 451 2325 tamen
475 2262 565 2323 debet
595 2280 664 2320 esse
690 2259 777 2337 longa
806 2255 980 2316 miseratio:
1010 2272 1068 2317 nee

126 2345 189 2410 sine
209 2344 309 2411 causa¹
321 2349 433 2411 dictum
453 2360 509 2419 est,
526 2344 571 2406 Ν
567 2343 627 2403 ihil
640 2340 784 2421 facilius,
801 2358 892 2420 quom
912 2337 1066 2415 lacrimat,

6 2480 7 2511 ,
123 2432 303 2495 increscere,
351 2432 442 2509 Nam,
468 2450 537 2493 cum
557 2427 656 2489 xetiam
686 2445 775 2487 veros
806 2422 925 2485 dolores
955 2420 1070 2504 mitiget
1124 2486 1131 2495 ,

6 2520 7 2525 ’
91 2532 255 2603 setempus,
281 2519 368 2581 citius
399 2528 560 2580 evanescat
589 2532 716 2575 necesse
746 2523 792 2572 est
821 2508 881 2585 illa,
906 2529 994 2592 quam
1024 2506 1067 2570 di·

125 2606 223 2667 cando
240 2605 420 2681 effinximus,
438 2604 558 2684 imago:
582 2599 612 2661 in
632 2620 690 2682 qua
713 2596 738 2660 si
760 2616 920 2672 moramur,
938 2593 1067 2659 lacrimis

123 2686 261 2772 fatigatur
284 2689 411 2765 auditor,
430 2702 460 2751 et
481 2684 653 2769 requiescit,
672 2697 702 2746 et
724 2682 762 2744 ab
783 2682 845 2757 illo,
863 2702 952 2764 quem
975 2702 1066 2765 cepe·

123 2788 181 2852 rat,
206 2776 319 2859 impetu
343 2776 379 2837 ad
406 2774 550 2836 rationem
573 2770 661 2832 redit.
708 2766 777 2830 Non
806 2767 952 2851 patiamur
981 2767 1068 2849 igitur

123 2858 287 2943 frigescere
309 2861 368 2923 hoc
399 2879 498 2943 opus:
523 2870 552 2919 et
582 2855 735 2931 affectum,
757 2874 826 2915 cum
852 2853 889 2915 ad
920 2871 1094 2914 summum

90 2946 365 3029 superduxerimus,
398 2945 617 3025 relinquamus:
655 2962 712 3002 nec
743 2960 897 3022 speremus
928 2936 1004 3012 iore,
1036 2948 1068 2996 ut

124 3032 222 3093 aliena
245 3032 400 3114 quisquam
427 3030 476 3093 diu
507 3029 614 3112 ploret.
663 3024 799 3102 Ideoque
829 3020 958 3113 cumin
988 3019 1064 3113 aliis,

124 3130 190 3177 tum
205 3117 334 3178 maxime
354 3116 381 3177 in
401 3116 457 3177 hac
476 3128 559 3197 parte
575 3109 666 3171 debet
686 3124 825 3166 crescere
846 3115 962 3161 oratio:
985 3119 1063 3181 quta,

126 3199 271 3285 quidquid
287 3222 344 3263 non
359 3200 462 3285 adjicit
477 3195 634 3281 prioribus,
653 3189 741 3251 etiam
758 3184 912 3249 detrahere
928 3182 1066 3249 videtur:

125 3300 157 3349 et
172 3283 262 3347 facile
279 3287 379 3349 deficit
394 3286 532 3357 affectuS,
550 3278 599 3362 qui
616 3272 781 3339 descendit.

92 3396 119 3439 ss
169 3370 240 3433 Non
256 3372 352 3435 solum
368 3386 466 3433 autern
483 3364 625 3439 dicendo,
643 3362 696 3424 sed
716 3360 804 3423 etiam
820 3356 1065 3443 faciendoquae·

127 3460 207 3533 dam,
227 3457 363 3519 lacrimas
380 3471 558 3518 movemus:
581 3448 661 3511 unde
677 3461 707 3509 et
721 3446 889 3529 producere
905 3444 999 3529 ipsos,
1017 3442 1066 3523 qui

125 3543 340 3627 periclitentur,
359 3540 510 3625 squalidos
533 3550 622 3617 atque
646 3532 807 3609 deformes,
826 3546 856 3595 et
881 3532 992 3593 liberos
1015 3542 1066 3583 eo·

78 3674 83 3682 -
126 3650 251 3693 sumac
274 3642 426 3713 parentes,
444 3622 619 3698 institutum,
642 3632 672 3682 et
694 3618 731 3680 ab
753 3615 976 3681 accusatoribus
999 3627 1066 3669 cru·
