2459 4200
167 277 209 340 96
453 291 490 335 u.
511 289 605 336 resrr
620 289 847 357 susurratam
883 286 887 288 ·

333 471 398 480 -
407 443 532 494 Numeros
544 442 655 500 meatim,
667 441 689 492 ai
700 443 776 492 verba
787 450 897 492 tenerem
911 457 918 489 z

168 553 198 602 et
213 537 370 616 Horatius,

336 700 400 710 -
410 671 576 736 Numerisque
588 671 665 721 lemur
676 671 731 736 lege
743 670 836 720 solutis.

168 787 316 851 Invadunt
338 809 409 871 ergo
431 789 508 851 hanc
531 788 606 850 inter
628 802 744 849 ceteras
766 807 888 863 vocem,
904 787 1014 869 Neque
1029 788 1111 850 enim

167 873 376 936 Demosthenis
382 871 523 954 fulmina
538 882 690 954 tantopere
704 871 863 933 vibratura
878 873 962 950 dicit,
975 873 1037 934 risi
1051 895 1110 936 rru-
1131 902 1148 941 s

167 959 257 1020 meris
272 967 407 1020 contorta
414 956 585 1040 ferrentur.
634 957 671 1018 In
686 977 746 1039 quo
764 956 790 1018 si
805 956 864 1018 hoc
885 957 984 1032 sentit,
1001 958 1110 1040 rhyth-

166 1043 223 1104 mis
239 1053 385 1120 contorto,
403 1043 557 1106 dissentio.
605 1041 685 1103 Nam
707 1041 847 1123 rhythmi,
864 1056 896 1104 ut
919 1041 992 1118 dixi,
1008 1063 1110 1125 neque

167 1127 256 1188 finem
271 1127 381 1190 habent
396 1143 521 1205 certum,
539 1149 595 1190 nec
611 1127 700 1189 ullam
717 1126 746 1186 in
762 1140 906 1188 contextu
920 1126 1108 1204 varietatem,

167 1212 232 1288 sed,
250 1231 308 1294 qua
335 1227 499 1296 coeperunt
524 1211 687 1275 sublatione
715 1231 751 1272 ac
777 1211 936 1293 positione,
953 1211 992 1273 ad
1017 1213 1121 1274 finem'

167 1317 260 1379 usque
286 1298 467 1362 decurrunt:
498 1297 592 1360 oratio
618 1318 676 1358 non
703 1296 868 1358 descendet
891 1297 929 1358 ad
953 1296 1110 1379 strepitum
1118 1323 1146 1361 ro

167 1381 335 1462 digitorum.
381 1382 478 1467 quue
494 1382 607 1445 Cicero
623 1380 736 1464 optime
751 1379 844 1456 videt,
858 1401 895 1443 ac
911 1394 1034 1443 testatur
1049 1380 1110 1444 fre·

167 1478 302 1546 quenter,
323 1488 368 1542 se,
386 1469 466 1550 quod
488 1487 679 1529 numerosum
701 1464 750 1541 sit,
768 1485 929 1547 quaerere:
959 1478 991 1527 ut
1011 1467 1110 1548 magis

166 1569 225 1622 non
241 1554 396 1628 ἄρ’ῥυθμον,
413 1551 493 1634 quod
514 1563 591 1612 esset
611 1548 748 1611 inscitum
767 1563 855 1632 atque
874 1566 1001 1632 agreste,
1018 1571 1111 1632 quam

164 1643 311 1715 ἔνρυθμον,
330 1637 412 1721 quod
427 1635 582 1718 poeticum
596 1647 654 1708 est,
669 1654 736 1696 esse
752 1635 1001 1717 compositionem
1015 1636 1090 1698 velit
1099 1657 1109 1712 ;

166 1721 244 1786 sicut
260 1723 347 1786 etiam
364 1742 439 1807 quos
463 1719 646 1804 palaestritas
665 1739 733 1780 esse
753 1720 902 1797 nolumus,
918 1734 1018 1782 tamen
1039 1741 1146 1786 essem

90 1849 94 1857 ι
165 1808 301 1872 nolumus
318 1830 383 1886 em,
401 1805 450 1890 qui
467 1805 602 1868 dicuntur
617 1813 789 1872 διπάλαιστοι,

172 1923 177 1930 ·
210 1893 326 1956 Verum
343 1915 389 1970 ea,
408 1913 482 1975 quae
498 1891 625 1955 efficitur
639 1914 657 1954 e
672 1891 810 1975 pedibus,
828 1911 923 1973 aequa
937 1891 1106 1968 conclusio,

165 1997 274 2038 nomen
290 1978 409 2060 aliquod
425 1975 583 2038 desiderat.
632 1977 715 2047 Quid
736 1977 775 2039 sit
789 1976 875 2058 igitur
890 1975 1000 2059 potius,
1017 1997 1108 2059 quam

164 2081 315 2139 numerus,
333 2076 363 2123 et
384 2059 528 2123 oratorius
549 2082 700 2139 numerus,
718 2074 749 2124 ut
769 2060 961 2143 enthymema
980 2061 1106 2124 rhetori·

165 2166 218 2209 cus
234 2148 421 2231 syllogismus
438 2146 450 2207 ἒ
496 2144 564 2229 Ego
580 2161 674 2224 certe,
691 2169 730 2209 ne
749 2147 777 2209 in
793 2147 970 2209 calumniam
985 2147 1144 2225 cadam‚ao

164 2252 222 2315 que
237 2255 274 2297 ne
291 2232 337 2295 M.
356 2232 477 2317 quidem
495 2231 612 2296 Tullius
635 2234 740 2310 caruit,
758 2253 854 2315 posco
877 2231 936 2293 hoc
959 2231 1042 2309 mihi,
1059 2246 1104 2309 ut,

164 2339 233 2381 curn
249 2342 304 2405 pro
320 2318 491 2403 composito
506 2318 611 2381 dixero
627 2340 793 2396 numerum,
811 2330 842 2380 et
857 2316 1024 2400 ubicunque
1041 2315 1120 2399 jam

164 2404 238 2481 dixi,
257 2406 418 2468 oratorium
433 2404 534 2466 dicere
550 2404 703 2485 intelligar.

207 2490 379 2553 Collocatio
395 2503 493 2549 autem
508 2487 599 2548 verba
609 2486 673 2569 jam
689 2487 825 2568 probata,
839 2500 870 2548 et
884 2488 994 2563 electa,
1007 2501 1038 2550 et
1051 2509 1106 2549 ve·

163 2573 206 2635 lut
222 2573 367 2653 assignata
386 2570 441 2633 sibi
458 2564 548 2630 deb'et
567 2582 770 2630 connectere:
793 2591 862 2631 narn
877 2571 926 2632 vel
942 2573 1014 2635 dure
1029 2572 1145 2639 interes

163 2676 196 2717 se
213 2656 374 2717 commissa
389 2653 506 2737 potiora
525 2666 591 2714 sunt
606 2652 764 2716 inutilibus.
814 2654 932 2718 Tamen
949 2671 980 2719 et
994 2657 1106 2740 eligere

163 2739 320 2822 quaedam,
339 2740 407 2801 dum
425 2736 525 2814 exiis,
544 2758 620 2820 quae
641 2738 721 2800 idem
740 2740 904 2824 significent
919 2755 1008 2825 atque
1023 2742 1107 2806 idem

162 2823 290 2901 valeant,
309 2822 516 2908 permiserim:
541 2836 571 2884 et
593 2822 738 2908 adjicere,
756 2827 826 2889 dum
848 2848 907 2887 non
929 2826 1049 2888 otiosa:
1073 2842 1108 2890 et

158 2908 332 2987 detrahere,
350 2910 420 2972 dum
440 2930 499 2971 non
521 2909 712 2972 necessaria:
736 2912 789 2973 sed
810 2924 841 2973 et
863 2898 961 2991 figdris
988 2925 1108 2976 mutare
1139 2944 1143 2950 ·

162 3009 192 3058 et
208 3016 294 3059 casus
312 3010 341 3059 et
356 3016 507 3073 numeros,
525 3016 650 3077 quorum
666 2994 803 3070 varietas,
822 2993 991 3077 frequenter
1010 2996 1143 3076 gratiam

161 3082 387 3165 compositionis
400 3080 505 3157 ascita,
518 3080 607 3143 etiam
623 3101 678 3142 suo
693 3080 813 3142 nornine
828 3080 904 3143 solet
915 3100 983 3141 esse
994 3078 1105 3163 jucun-

117 3194 124 3211 κ
162 3168 210 3229 da.
257 3167 359 3231 Etiam
384 3167 433 3230 ubi
461 3166 540 3229 aliud
564 3164 650 3242 ratic,
668 3164 746 3227 aliud
773 3164 958 3227 consuetudo
980 3179 1103 3247 poscet,

161 3263 257 3310 utrum
283 3253 376 3327 volet,
394 3264 490 3312 sumat
520 3248 712 3333 compositio,
737 3251 882 3313 Vitaoissc
906 3250 956 3312 vel
979 3250 1102 3329 vitasse,

161 3331 356 3413 Deprendere
385 3333 432 3395 vel
454 3333 683 3413 deprehendere.
730 3335 839 3397 Coitus
862 3335 951 3397 etiam
973 3334 1102 3417 syllaba·
1134 3365 1141 3375 ·

161 3436 225 3477 rum
243 3436 303 3477 non
321 3415 448 3499 negaba,
467 3430 496 3477 et
512 3415 654 3501 quicquid
672 3419 824 3483 sententiis
842 3433 893 3481 aut
912 3419 1141 3503 eloquentiaess

153 3522 219 3565 non
236 3500 366 3563 nocebit.
414 3499 615 3584 Praecipuum
630 3516 730 3565 tamen
745 3503 774 3563 in
788 3502 847 3564 hoc
863 3525 939 3587 opus
954 3518 1011 3583 est,
1022 3504 1102 3575 scire

70 3605 72 3609 ·
160 3585 242 3669 quod
258 3606 376 3671 quoque
393 3586 462 3649 loco
480 3586 640 3651 verborum
662 3586 792 3668 maxime
813 3588 947 3671 quadret.
996 3588 1102 3673 Atque
