2459 4200
361 271 513 320 sunnorr
531 273 680 330 dortour
697 277 833 322 crrtrr.
1035 263 1079 328 tt

500 609 641 670 CAPUT
658 611 715 672 IX

288 817 290 822 -
373 791 455 839 om
471 791 519 832 ΙΙΙ·
533 791 724 835 Ulmum
737 793 841 836 ORIGO.

151 971 154 978 ι
177 927 210 992 Ν
211 943 254 992 rto
269 923 320 992 diu
335 945 391 992 nos
407 944 538 994 moretur
548 930 696 1016 quaestio,
711 931 802 1004 Quae
813 930 979 998 rhetorices
993 931 1079 1018 origo

132 1014 184 1080 eit·
230 1011 311 1078 Nem
327 1014 375 1078 noi
391 1013 511 1078 dubium
533 1031 590 1094 est,
608 1016 679 1102 quin
694 1038 876 1096 sermonem,
892 1013 932 1082 ob
946 1018 1012 1104 ipro
1029 1039 1077 1084 re·

133 1117 201 1164 mm
222 1113 338 1178 nature,
355 1099 445 1184 geniti
467 1101 600 1185 protinus
623 1103 759 1168 homines
780 1103 966 1188 occeperint,
982 1100 1078 1189 (quod

137 1198 223 1248 certe
246 1179 421 1268 principium
445 1200 491 1249 est
512 1186 577 1271 ejus
600 1187 672 1271 rei,)
691 1189 759 1253 buio
782 1189 911 1253 studium
930 1202 961 1252 et
980 1187 1077 1252 inore·

114 1282 276 1332 omentum
291 1267 402 1334 dederit
422 1270 553 1349 utiliter,
570 1293 717 1334 summum
731 1274 810 1334 rntio
825 1286 857 1334 et
870 1267 1079 1334 exercitatio?

134 1353 206 1417 Neo
229 1354 330 1432 video,
352 1375 444 1438 quere
466 1377 570 1418 euram
593 1355 712 1418 dicendi
734 1368 839 1440 putent
864 1355 985 1439 quidem
1010 1354 1079 1420 inde

133 1439 291 1524 coepisse,
307 1439 386 1523 quod
404 1439 436 1517 ii,
453 1440 503 1525 qui
527 1440 555 1502 in
571 1441 731 1504 discrimen
746 1435 866 1525 nliquod
879 1439 1076 1518 vocabuntur,

133 1524 305 1588 accuratius
334 1525 427 1608 loqui,
451 1522 639 1590 ¹defendendi
671 1525 716 1590 sui
750 1526 855 1610 gratim
886 1525 1074 1592 instimerint.

135 1608 228 1673 Haeo
252 1609 344 1688 enim,
366 1623 398 1674 ut
421 1609 572 1674 honestior
593 1632 696 1689 causo,
720 1611 762 1674 ito
786 1632 847 1674 non
871 1611 972 1695 utique
995 1611 1077 1696 prior

100 1707 204 1758 mest:
228 1713 299 1758 oum
315 1693 489 1778 praesertim
505 1696 659 1758 accusatio
695 1696 837 1760 raecedit
850 1693 1076 1777 deseminare:

130 1779 189 1844 nisi
204 1779 272 1863 quis
292 1779 378 1856 dicit,
395 1778 485 1841 etiam
511 1780 641 1864 gladium
662 1717 838 1844 iiibriottmm
859 1781 898 1842 nb
920 1801 959 1842 eo
980 1777 1074 1862 prius,

133 1864 186 1962 qni
199 1862 311 1927 serrum
331 1863 360 1926 in
380 1864 503 1960 tutelrm
520 1865 577 1943 eui,
595 1885 685 1949 quern
700 1865 750 1949 qui
768 1863 799 1926 in
822 1861 987 1948 perniciem
1002 1863 1076 1930 atto·

135 1965 207 2028 nus,
225 1961 416 2033 compererit.

178 2032 300 2098 Initium
322 2053 394 2119 ergo
410 2033 529 2098 dicendi
545 2034 627 2098 dedit
645 2048 770 2099 natum:
794 2033 908 2101 initium
922 2034 1004 2115 ertit,
1020 2034 1075 2101 ob·

100 2120 275 2184 reservatio.
323 2118 473 2185 Homines
489 2121 579 2200 enim,
596 2122 674 2186 siout
688 2122 717 2184 in
732 2120 893 2200 medicine,
906 2140 977 2185 oum
989 2119 1075 2185 vide·

133 2218 201 2269 tent
214 2206 271 2269 tiit
286 2205 414 2269 telubrin
428 2204 484 2269 niis
500 2203 670 2285 insalubris,
687 2228 728 2269 ex
742 2206 951 2271 observatione
971 2225 1076 2269 eorum

133 2290 301 2354 effeoerunt
325 2304 442 2353 ortem:
466 2290 516 2367 ito,
540 2310 609 2353 cum
633 2290 663 2351 in
685 2290 823 2366 dicendo,
837 2290 894 2353 din
915 2288 1076 2365 otilinelio

135 2374 250 2437 inutilis
274 2373 542 2460 deprehenderent,
560 2387 696 2435 notarunt
717 2392 754 2435 ee
776 2374 815 2436 ed
836 2371 1010 2435 imitandum
1031 2373 1076 2437 vi·

134 2460 326 2553 modumque,
352 2474 383 2524 et
407 2459 565 2544 quaedam,
591 2457 758 2521 seeundum
782 2455 929 2521 rationem
957 2477 1072 2537 mmm,

99 2544 309 2631 madjeoemnt
339 2544 395 2643 ipsi
421 2564 565 2641 quoque:
596 2542 673 2607 baec
699 2543 873 2607 confirmati
901 2556 970 2609 sunt
994 2565 1072 2609 mut

133 2643 208 2709 tum,
225 2651 302 2714 queo
318 2629 434 2693 screbat
448 2648 584 2712 quisque,
601 2628 715 2692 docuit.
754 2626 869 2693 Cioero
883 2626 1006 2713 quidem
1019 2629 1073 2693 ini·

133 2714 208 2777 tium
221 2714 325 2778 omndi
340 2713 543 2778 conditoribus
563 2713 678 2777 urbium
699 2734 736 2777 ro
750 2713 850 2798 legum
864 2713 1005 2779 latoribus
1021 2715 1073 2777 de·

133 2798 200 2863 dit:
224 2800 253 2863 in
270 2796 377 2884 quibus
391 2797 482 2861 fuisse
496 2798 557 2861 vim
574 2798 693 2863 dicendi
712 2819 840 2863 neeesse
860 2812 907 2864 est
921 2821 930 2862 t
953 2820 1008 2863 our
1029 2812 1072 2865 tt·

132 2902 203 2947 men
217 2886 295 2949 beno
312 2883 438 2969 prinum
452 2883 594 2968 originem
609 2899 706 2969 putet,
718 2906 779 2948 non
793 2885 883 2949 video
899 2906 909 2961 ;
931 2906 1001 2949 oum
1015 2883 1073 2949 sint

97 2970 233 3033 ttedbuo
248 2968 396 3055 quaedam
417 2990 508 3053 rugae
530 2985 562 3033 et
583 2971 647 3033 sine
669 2970 790 3033 urbibus
812 2991 850 3033 no
871 2969 936 3033 sine
957 2968 1081 3049 legibus

153 3070 251 3133 entes,
273 3068 303 3119 et
325 3069 434 3132 tamen,
452 3055 502 3139 qui
524 3068 591 3118 sunt
613 3056 643 3116 in
664 3055 710 3117 bis
732 3054 804 3129 neti,
826 3068 856 3115 et
877 3052 1073 3133 legationibus

167 3152 300 3222 ngenttm
317 3154 347 3204 ot
368 3152 512 3208 eeousent
532 3138 630 3223 aliqua
652 3158 689 3199 ao
711 3134 883 3211 defendant,
900 3147 931 3196 et
945 3132 1073 3220 denique

133 3222 228 3287 alium
242 3224 299 3289 elio
313 3222 417 3291 meiius
433 3225 514 3308 loqui
529 3223 663 3287 credant.
713 3217 794 3303 [ΙΙΙ.
812 3220 862 3300 2.]
