2459 4200
351 264 504 309 sunncra
524 264 673 319 cunnum
691 267 825 311 csrrrr.
1012 254 1074 322 169

127 436 164 481 se
178 416 328 483 studuisse
344 414 479 499 petitioni
494 415 624 501 Sulpicii
635 431 740 482 contra
750 410 896 482 honorem
912 416 1071 498 Murenae,

127 502 286 579 nunidem
303 502 413 571 debere
429 502 538 565 actioni
555 517 658 565 contra
674 518 774 587 caput,
791 503 935 567 diceret?
972 504 1075 577 Quam

127 588 212 651 molli
228 602 328 654 autem
349 586 473 651 articulo
489 588 627 651 tractavit
641 588 789 651 Catonern
805 589 817 651 l
840 589 924 673 cujus
939 605 1075 657 naturam

128 694 247 743 summe
262 672 436 749 admiratos,
454 694 513 734 non
528 672 620 757 ipsius
637 674 722 751 vitio,
738 676 792 739 sed
817 674 943 739 Stoicae
958 692 1071 756 sectae,

106 758 307 841 squibusdam
326 756 355 819 in
371 758 459 821 rebus
475 756 585 821 saetam
600 758 750 823 duriorem
764 759 860 823 videri
876 760 1019 838 volebat:
1043 778 1075 826 ut

129 844 208 905 inter
223 865 273 907 eos
289 864 348 905 non
361 840 509 905 sorensem
523 845 757 921 contentionem,
770 845 823 909 sed
839 844 1002 913 studiosam
1015 846 1074 913 dis·

129 928 316 1013 putationem
332 928 473 993 crederes
489 927 640 993 incidisse.

173 1012 267 1080 Haec
289 1027 335 1077 est
357 1012 493 1095 profecto
510 1014 597 1091 ratio,
615 1030 657 1093 et,
675 1014 872 1079 certissimum
895 1032 1072 1100 praecepto·

129 1121 196 1173 rum
216 1119 321 1181 genus,
339 1097 414 1162 illius
430 1098 485 1165 viri
500 1100 682 1177 observatio,
701 1114 743 1177 ut,
761 1122 830 1165 cum
851 1100 960 1185 aliquid
976 1103 1073 1165 detra·

95 1184 203 1251 lohere
229 1185 313 1249 salva
338 1183 430 1265 gratia
452 1184 539 1261 velis,
557 1186 709 1249 concedas
736 1185 792 1248 alia
815 1186 938 1248 omnia:
962 1187 992 1249 in
1015 1188 1073 1249 hoc

128 1270 196 1333 solo
212 1270 261 1333 vel
276 1268 372 1331 minus
386 1268 526 1351 peritum,
544 1290 632 1353 quam
648 1270 677 1331 in
692 1270 812 1344 ceteris,
830 1269 960 1353 adjecta,
978 1270 1003 1332 si
1020 1292 1073 1352 po·

129 1354 200 1419 terit
214 1353 289 1432 fieri,
307 1354 396 1417 etiam
411 1375 514 1430 causa,
532 1376 585 1417 cur
601 1354 630 1417 id
646 1355 686 1420 ita
701 1353 750 1431 sit,
768 1354 816 1416 vel
832 1354 930 1437 paullo
945 1355 1073 1437 pertina-

129 1440 257 1515 ciorem,
269 1440 319 1503 vel
335 1438 499 1516 credulum,
512 1438 561 1507 vel
576 1438 693 1517 iratum,
706 1439 754 1501 vel
769 1438 928 1523 impulsum
943 1440 981 1503 ab
996 1440 1070 1505 aliis.

130 1523 206 1591 Hoc
222 1524 279 1587 illis
295 1545 455 1587 commune
471 1524 636 1597 remedium
653 1539 709 1601 est,
727 1525 752 1589 si
768 1524 795 1586 in
812 1538 874 1587 tota
889 1525 1006 1589 actione
1022 1548 1072 1591 ae·

96 1610 256 1693 loqualiter
276 1612 418 1693 apparent
437 1631 496 1673 non
518 1610 613 1673 honor
632 1611 736 1688 modo,
753 1611 807 1674 sed
829 1611 918 1682 etiam
940 1612 1071 1677 caritas:

130 1710 286 1781 praeterea
309 1716 399 1757 causa
423 1696 461 1757 sit
482 1696 567 1758 nobis
586 1696 668 1779 justa
690 1696 734 1759 sic
756 1696 901 1760 dicendi:
923 1718 1020 1779 neque
1043 1698 1073 1759 id

128 1782 285 1845 moderate
301 1794 413 1843 tantum
429 1778 583 1855 faciamus,
602 1782 656 1842 sed
672 1782 762 1842 etiam
776 1780 959 1843 necessario.

175 1862 341 1931 Diversum
356 1866 394 1930 ab
409 1866 481 1939 hoc,
493 1866 547 1927 sed
560 1864 689 1941 facilius,
700 1887 770 1927 cum
785 1864 937 1925 hominum
954 1877 1005 1928 aut
1019 1863 1072 1927 ali·

131 1950 206 2032 oqui
225 1950 361 2033 turpium,
380 1964 430 2013 aut
452 1950 539 2012 nobis
561 1949 722 2013 invisorum
741 1948 887 2032 quaedam
908 1946 987 2011 sacta
1010 1950 1072 2011 lau-

94 2030 229 2104 sedanda
244 2050 319 2104 sunt.
368 2035 473 2099 Decet
494 2035 573 2097 enirn
593 2057 658 2099 rem
678 2034 775 2120 ipsam
793 2034 920 2120 probare
937 2036 965 2097 in
981 2035 1073 2121 quali·

129 2143 249 2204 cunque
264 2119 403 2205 persona.
450 2120 541 2184 Dixit
556 2121 670 2185 Cicero
685 2142 741 2205 pro
758 2119 890 2183 Gabinio
906 2136 936 2184 et
952 2122 991 2184 P.
1010 2122 1074 2186 Va·

130 2207 216 2284 tinio,
243 2207 452 2270 inimicissimis
480 2222 566 2270 antea
596 2207 652 2268 sibi
678 2205 859 2281 hominibus,
887 2220 917 2267 et
943 2207 972 2266 in
998 2227 1073 2286 quos

128 2291 281 2371 orationes
297 2293 386 2356 etiam
402 2293 562 2374 scripserat
578 2311 585 2351 :
609 2289 713 2353 veroin
733 2310 823 2352 causa
838 2289 918 2372 justa
933 2289 966 2352 fit
981 2288 1073 2352 saten-

131 2378 183 2454 do,
201 2399 260 2440 non
276 2399 309 2440 se
326 2378 364 2439 de
381 2377 487 2460 ingenii
503 2375 592 2452 fama,
610 2375 664 2437 sed
681 2376 719 2436 de
735 2374 794 2436 fide
810 2394 878 2436 esse
901 2373 1070 2438 sollicitum.

96 2461 296 2532 ssDiffieirior
312 2463 340 2526 ei
355 2463 430 2524 ratio
451 2462 480 2524 in
497 2460 614 2546 judicio
630 2458 810 2523 Cluentiano
825 2456 892 2535 suit,
908 2479 979 2522 cum
996 2456 1074 2522 Sca·

131 2548 289 2614 mandrum
308 2569 436 2624 necesse
451 2548 574 2614 haberet
590 2545 692 2608 dicere
713 2558 885 2622 nocentem,
902 2543 988 2629 cujus
1004 2564 1074 2626 ege·

131 2648 177 2700 rat
193 2655 325 2700 causam.
373 2633 490 2696 Verum
505 2632 575 2695 illud
591 2631 820 2714 elegantissime,
838 2651 908 2693 cum
924 2651 1040 2708 eorum,
1057 2650 1074 2692 a

132 2719 239 2802 quibus
254 2721 292 2782 ad
308 2740 342 2782 se
357 2719 517 2802 perductus
539 2732 631 2794 esset,
648 2716 801 2801 precibus,
817 2730 879 2781 turn
897 2715 986 2782 etiam
1002 2717 1074 2780 ado·

131 2804 277 2870 lescentia
292 2826 345 2870 sua
361 2818 507 2866 excusat:
532 2804 734 2867 detracturum
747 2801 857 2886 alioqui
874 2802 939 2886 plus
955 2817 1073 2868 auctor·

97 2889 223 2965 scitatis,
250 2891 287 2966 si,
310 2889 338 2952 in
361 2911 452 2952 causa
474 2889 648 2974 praesertim
671 2905 824 2973 suspecta,
844 2910 877 2952 se
900 2910 969 2950 eum
993 2907 1072 2961 esse,

131 2975 183 3061 qui
199 2989 312 3038 temere
328 2989 471 3038 nocentes
487 2997 555 3037 reos
571 2974 750 3055 susciperet,
768 2973 918 3033 fateretur.

178 3058 274 3142 Apud
291 3059 425 3144 judicem
440 3081 512 3121 vero
528 3057 609 3140 quod
632 3071 682 3118 aut
703 3068 825 3138 propter
844 3051 971 3112 alienum
989 3069 1074 3110 com·

132 3143 260 3210 modum
274 3145 302 3206 in
317 3167 420 3222 causa,
437 3165 526 3228 quam
542 3139 773 3222 susceperimus,
788 3148 838 3198 aut
852 3155 948 3211 suum,
960 3146 992 3195 ut
1008 3153 1075 3216 per·

133 3229 280 3302 suadendi
295 3232 386 3296 ardua
401 3230 488 3306 ratio,
506 3229 545 3294 ita
560 3223 680 3290 dicendi
699 3218 935 3305 expeditissima.
982 3215 1075 3282 Fidu-

99 3315 182 3390 ascia
206 3314 284 3386 enim
303 3315 435 3400 justitiae
457 3313 521 3399 ejus
541 3325 660 3376 nostrae
679 3329 788 3372 causae
809 3306 880 3371 nihil
900 3329 956 3372 nos
971 3306 1078 3371 timere

134 3400 348 3466 simulabimus.
389 3399 462 3484 Ipse
478 3399 533 3462 erit
548 3395 640 3481 gloria
655 3394 813 3473 inflandus,
824 3408 856 3459 ut
870 3408 952 3467 tanto
969 3393 1077 3461 clarior

134 3484 232 3550 futura
246 3487 285 3550 sit
299 3487 375 3550 fides
391 3508 426 3549 ac
442 3484 545 3566 religio
561 3483 590 3544 in
606 3480 838 3564 pronunciando,
855 3495 966 3568 quanto
982 3479 1079 3544 minus

135 3571 185 3636 vel
200 3572 336 3640 offensae
350 3570 399 3638 vel
415 3569 530 3636 utilitati
545 3588 618 3634 suae
633 3566 797 3633 indulserit.
