2459 4200
338 316 491 359 aanacrr
509 314 658 368 ananan
676 318 812 363 caetra.
997 310 1062 370 217

120 488 182 551 que
202 478 305 549 speret
325 464 390 528 lore
413 466 493 529 illurn
516 466 671 551 aliquem?
716 468 769 533 Ad
785 472 866 554 quod
887 472 911 536 ai
928 475 1006 538 vires
1021 474 1064 538 in·

119 551 198 636 genii
211 573 270 614 non
286 552 469 630 suffecerint,
482 568 579 615 tamen
595 554 732 637 adquam
748 578 842 639 usque
858 560 979 622 modum
997 583 1064 644 pro·

119 637 314 712 cesserimus,
331 637 469 699 meliores
496 638 606 701 erimus
631 661 670 701 ex
696 655 833 724 utroque.
881 643 955 707 Hoc
980 662 1065 711 certe

119 743 243 806 prorsus
258 722 405 785 eximatur
425 723 536 799 animo,
554 745 652 786 rerum
673 725 900 808 pulcherrimam
922 730 1064 813 eloquen-

97 808 277 873 etiamnum
293 806 371 869 vitiis
387 808 494 870 mentis
515 829 605 890 possa
626 810 756 873 misceri.
804 811 946 877 Facultas
962 815 1064 879 dicen·

120 894 165 969 di,
176 892 201 955 si
216 892 245 954 in
261 891 354 955 malos
368 891 480 968 incidit,
493 907 523 957 et
539 894 603 977 ipsa
615 894 778 979 judicanda
791 912 838 960 est
854 899 962 961 malurn
979 922 986 961 ι
1010 922 1064 983 pe·

116 977 202 1063 jures
218 977 296 1039 enim
312 977 378 1039 illos
393 976 475 1055 lacit,
493 979 598 1063 quibus
614 981 768 1064 contingit.

165 1062 284 1125 Videor
307 1063 377 1123 mibi
402 1064 503 1125 audire
526 1066 684 1147 quosdam,
705 1068 815 1150 (neque
838 1068 917 1131 enim
940 1070 1065 1135 deerunt

119 1170 264 1231 unquam,
281 1147 331 1229 qui
347 1148 448 1231 diserti
465 1170 544 1226 esse,
562 1170 651 1231 quam
667 1152 751 1227 boni,
762 1154 877 1236 malint)
897 1156 944 1216 illa
960 1158 1063 1218 dicen·

85 1246 190 1299 mles:
214 1232 297 1303 Quid
315 1254 386 1315 ergo
407 1248 518 1296 tantum
540 1235 675 1297 astartis
696 1236 725 1297 in
746 1237 942 1319 eloquentia?
966 1262 1019 1302 cur
1032 1254 1064 1303 tu

119 1320 160 1383 de
176 1318 339 1396 coloribus,
357 1333 386 1383 et
402 1318 563 1381 difficilium
585 1340 743 1381 causarum
758 1320 943 1399 defensione,
960 1323 1063 1385 nonni·

119 1403 163 1467 hil
185 1404 273 1467 etiam
289 1404 327 1465 de
351 1402 539 1467 consessione
559 1405 677 1468 locutus
700 1427 745 1483 es,
762 1406 816 1468 nisi
839 1407 996 1489 aliquando
1018 1409 1063 1473 via

119 1510 156 1553 ae
168 1487 296 1551 »facultas
313 1488 432 1551 dicendi
448 1503 597 1573 expugnat
616 1490 711 1573 ipsam
727 1492 881 1555 veritatem
898 1493 910 1553 ?
957 1494 1063 1559 Bonus

120 1574 207 1643 enim¹
225 1575 268 1636 vir
290 1594 349 1635 non
372 1574 431 1656 agit
453 1574 508 1637 nisi
533 1576 626 1638 bonas
649 1598 767 1654 causas,
785 1599 836 1640 eas
860 1600 950 1661 porro
972 1581 1062 1644 etiam

84 1659 185 1725 resine
202 1660 335 1721 doctrina
352 1661 422 1721 satis
439 1682 492 1743 per
507 1682 540 1723 se
556 1674 653 1724 tuetur
668 1663 775 1725 veritas
791 1664 865 1745 ipsa.

163 1744 282 1816 Quibus
299 1766 368 1827 ego,
386 1767 455 1807 cum
471 1746 508 1807 de
525 1768 593 1807 meo
611 1747 738 1829 primum
754 1769 846 1827 opere
862 1750 1059 1829 respondero,

119 1830 210 1893 etiam
232 1852 287 1913 pro
306 1830 375 1893 boni
391 1830 444 1892 viri
460 1831 572 1905 officio,
590 1830 749 1911 siquando
769 1851 838 1890 eum
859 1832 897 1891 ad
912 1829 1061 1894 defensio·

118 1936 189 1979 nem
204 1915 374 1978 nocentium
388 1915 464 1977 ratio
479 1914 607 1989 duxerit,
626 1911 816 1975 satisfaciam.

164 2000 311 2065 Tractare
327 2000 417 2076 anim,
432 2000 583 2084 quomodo
599 2012 648 2061 aut
663 2020 718 2081 pro
734 1996 825 2073 salsis,
838 2014 888 2063 aut
902 2000 992 2065 etiam
1007 2024 1061 2088 pro

82 2084 233 2171 aoinjustis
264 2086 421 2170 aliquando
445 2086 570 2162 dicatur,
589 2107 648 2146 non
670 2098 717 2146 est
739 2084 850 2164 inutile,
869 2087 916 2149 vel
940 2106 1061 2173 propter

118 2172 178 2234 hoc
200 2173 307 2248 solum,
325 2186 357 2235 ut
378 2193 414 2234 ea
434 2171 548 2234 facilius
570 2184 599 2231 et
615 2171 883 2252 deprehendamus,
901 2186 930 2233 et
946 2174 1060 2237 refella-

93 2249 96 2256 Α
119 2277 185 2320 mus
201 2278 210 2334 ;
232 2258 483 2341 quemadmodum
499 2254 630 2316 remedia
646 2254 751 2316 melius
765 2256 927 2330 adhibebit,
942 2259 991 2318 cui
1006 2279 1060 2318 no·
1126 2282 1129 2287 ⁴

119 2356 162 2419 ta,
179 2363 254 2425 quae
270 2357 391 2419 nocent,
408 2341 524 2404 suerint.
564 2337 672 2418 Neque
687 2339 767 2399 enirn
784 2339 979 2417 Academici,
991 2363 1060 2405 cum

118 2426 148 2490 in
165 2442 317 2512 utramque
330 2429 530 2491 disseruerunt
545 2437 671 2503 partem,
684 2442 743 2483 non
759 2423 924 2485 secundum
939 2426 1061 2489 alteram

79 2511 242 2576 sevirent:
268 2507 324 2576 nec
340 2509 514 2577 Carneades
535 2507 595 2583 ille,
613 2507 663 2589 qui
684 2506 805 2570 Romae
824 2508 961 2571 audiente
976 2509 1060 2574 Cen·

117 2598 199 2660 sorio
210 2598 329 2660 Catone
345 2619 402 2658 non
419 2591 579 2654 minoribus
591 2592 702 2654 viribus
714 2607 818 2654 contra
829 2592 973 2676 justitiam
985 2595 1060 2657 dici·

118 2696 165 2746 tur
180 2681 368 2755 disseruisse,
386 2698 473 2760 quam
488 2676 584 2758 pridie
599 2697 654 2759 pro
665 2676 778 2760 justitia
794 2678 922 2757 dixerat,
936 2680 1060 2766 injustus

116 2765 183 2850 ipse
200 2763 243 2824 vir
259 2763 320 2825 fuit.
369 2763 484 2825 Verum
501 2775 531 2824 et
546 2761 638 2824 virtus
654 2762 724 2845 quid
746 2764 796 2842 sit,
812 2765 937 2829 adversa
953 2767 982 2830 ei
997 2789 1061 2830 ma·

117 2849 178 2913 litia
194 2849 316 2932 detegit,
328 2861 359 2910 et
373 2847 505 2930 aequitas
521 2847 554 2910 fit
569 2869 609 2910 ex
624 2847 716 2931 iniqui
731 2851 983 2934 contemplatione
998 2875 1059 2914 ma·

80 2961 107 3002 nn
117 2933 263 3010 nilestior,
280 2948 316 3004 et.
326 2932 450 3016 plurima
465 2932 621 2996 contrariis
636 2935 806 3015 probantur.
846 2935 973 2996 Debent
987 2958 1059 3017 ergo

116 3019 227 3089 oratori
243 3019 287 3081 sic
304 3039 372 3082 esse
387 3017 624 3080 adversariorum
643 3031 715 3078 nota
729 3015 864 3091 consilia,
881 3031 914 3077 ut
931 3018 1060 3080 hostium

115 3103 299 3186 imperatori.

160 3186 276 3249 Verum
292 3201 323 3250 et
338 3186 420 3261 illud,
431 3185 512 3269 quod
528 3185 623 3268 prima
638 3183 842 3268 propositione
855 3183 959 3246 durum
975 3183 1065 3248 vide·-

115 3289 174 3348 tur,
192 3285 292 3354 potest
306 3273 413 3334 afferre
428 3269 515 3347 ratio,
533 3285 564 3334 ut
579 3270 735 3332 virbonus
754 3269 784 3330 in
798 3267 973 3332 defensione
988 3291 1059 3334 cau·

80 3379 168 3424 assae
183 3357 256 3420 velit
277 3356 392 3420 auferre
414 3356 571 3438 aliquando
589 3354 686 3439 judici
704 3355 869 3418 veritatem.
917 3353 1011 3426 Quod
1034 3357 1060 3420 si

116 3443 182 3527 quis
198 3464 215 3505 a
230 3465 279 3506 me
301 3443 425 3528 proponi
444 3440 608 3518 mirabitur,
629 3440 812 3524 (quanquam
832 3463 892 3504 non
915 3457 961 3504 eat
983 3442 1059 3528 baec

116 3549 184 3592 mea
199 3529 320 3612 proprie
336 3527 492 3604 sententia,
508 3527 562 3590 sed
584 3532 699 3601 eorum,
715 3547 792 3610 quos
807 3527 997 3610 gravissimos
1011 3544 1058 3586 aa·

100 3613 245 3696 pientiae
262 3615 421 3698 magistros
435 3628 517 3676 aetas
530 3626 618 3676 vetus
633 3612 775 3696 credidit)
791 3613 837 3676 sic
847 3611 977 3697 judicet,
995 3608 1057 3690 ple·
