2459 4200
1209 161 1210 198 l

184 274 244 337 198
474 288 510 333 ss.
530 286 625 331 rann
641 282 869 338 cessaturam
1209 209 1210 266 i

182 440 332 516 mirantes,
349 452 379 501 et
396 406 517 501 interim
527 436 624 501 subita
639 434 851 519 indignatione,
863 407 946 495 isto
959 454 1127 515 pussess-

181 538 238 599 tes,
256 539 286 586 et
301 525 513 607 deprecantes,
531 521 668 584 iacimus.
712 521 799 590 Quin
813 540 1019 602 compressam
1035 520 1127 583 etism
1209 531 1210 558 ³

182 628 301 672 manum
324 609 354 669 in
379 607 558 691 poenitentia
577 607 627 669 vel
648 606 691 668 ira
712 604 829 689 pectori
850 604 1058 679 admovemus,
1073 604 1126 667 ubi

182 714 245 755 vox
259 694 308 755 vel
324 694 399 755 inter
415 694 518 754 dentes
541 712 578 753 ex
602 712 684 753 ressa
705 712 764 753 non
779 689 920 762 dedocet,
942 687 1029 761 osta
1044 709 1126 751 asos

185 778 306 859 egenti
358 778 443 853 Quid
458 712 601 858 saciari
642 775 765 838 Averso
790 773 902 857 pollice
921 773 1147 837 demonstrares

186 862 326 947 aliquem,
343 878 497 947 receptum
520 862 613 944 magis
632 874 715 944 puto,
732 880 823 944 quarn
840 857 950 919 oratori
967 858 1124 921 decorum.
1209 849 1210 890 ³

231 948 296 1011 Sed
319 968 388 1009 cum
411 947 507 1009 omnis
529 962 627 1009 motus
648 966 704 1007 aex
721 959 823 1028 partes
844 943 963 1018 hebeat,
980 943 1126 1025 septimus

186 1032 223 1095 sit
238 1032 297 1107 ille,
314 1032 408 1115 quiin
425 1052 457 1093 se
474 1032 561 1107 redit,
578 1030 671 1108 orbis,
688 1030 796 1093 vitiosa
810 1043 857 1092 est
871 1049 929 1089 uua
944 1028 1125 1091 commaer-
1209 1049 1210 1114 ζ

185 1116 231 1180 sio
247 1136 255 1177 t
279 1116 395 1199 reliqui,
413 1131 481 1179 ante
496 1138 562 1191 nos,
581 1130 611 1177 et
626 1117 732 1177 dextra
747 1116 904 1196 laevaque,
920 1126 951 1175 et
964 1134 1083 1177 sarsum
1094 1126 1128 1176 et
1209 1123 1210 1158 ³

186 1202 326 1265 deorsum
342 1202 452 1285 aliquid
468 1202 648 1263 ostendunt:
672 1200 701 1262 in
717 1200 881 1283 posteriora
895 1212 996 1280 gestire
1011 1220 1073 1261 non
1084 1198 1157 1263 ‹li-rc
1209 1201 1210 1254 l

186 1286 297 1370 rigitur.
346 1286 470 1349 Interim
484 1300 584 1349 tamen
600 1286 681 1349 velut
699 1284 784 1383 rejici
799 1284 885 1346 solet.
932 1282 1059 1365 Optime
1076 1306 1126 1348 au·

187 1384 248 1433 tem
265 1392 367 1434 manus
383 1392 398 1433 a
414 1371 530 1434 sinistra
546 1384 630 1455 parte
649 1370 764 1454 incipit,
780 1370 810 1431 in
824 1370 930 1431 dextm
945 1369 1104 1451 deponitur
1117 1390 1126 1430 ς

185 1456 240 1517 sed
258 1471 289 1517 ut
304 1457 387 1538 poni,
398 1478 456 1517 non
472 1472 504 1518 ut
518 1456 606 1518 serite
619 1456 754 1519 videatur
769 1476 777 1515 t
800 1474 967 1538 quanquam
981 1467 1012 1515 et
1024 1453 1127 1519 indue
1209 1507 1210 1530 ,

188 1538 303 1599 interim
320 1540 411 1615 cadit,
425 1554 457 1601 ut
472 1541 532 1601 cito
548 1556 648 1601 tamen
663 1542 788 1603 redeat:
811 1555 843 1602 et
855 1559 1066 1621 menumquam
1080 1561 1127 1603 re·
1209 1535 1210 1612 l

186 1622 245 1686 silit
262 1623 312 1685 rel
331 1624 506 1705 negantibus
530 1625 629 1700 nobis,
646 1626 695 1687 vel
719 1624 941 1687 admirantibus.
989 1622 1055 1686 Hie
1076 1647 1158 1688 vers
1209 1615 1210 1678 l

187 1722 266 1773 teres
281 1708 409 1771 artifices
425 1708 495 1771 illud
511 1725 594 1772 recte
609 1708 795 1794 adjecemnt,
807 1720 842 1772 sst
856 1730 964 1771 meam
976 1728 1046 1771 sssss
1060 1730 1128 1772 ssa·
1209 1763 1210 1772 ,

188 1816 223 1857 se
238 1804 265 1857 st
279 1796 438 1879 inciperet,
454 1804 482 1859 st
496 1795 705 1878 deponeretur.
752 1795 877 1879 Alioqui
893 1794 973 1857 enim
991 1808 1042 1856 sut
1059 1808 1128 1858 aute

188 1902 297 2026 pppem
313 1883 367 1943 erit
382 1896 493 1963 gestus,
510 1896 560 1944 aut
579 1896 649 1965 post
663 1902 771 1944 vocem
786 1903 794 1942 ι
816 1880 896 1965 quod
913 1895 959 1942 est
973 1894 1128 1963 utramque
1209 1919 1210 1978 t

238 1984 333 2024 crrne.

231 2046 267 2109 In
288 2047 339 2108 illo
359 2048 434 2130 lapsi
455 2049 544 2112 nimia
566 2049 727 2113 subtilitate
746 2065 825 2129 sunt,
841 2051 924 2135 quod
945 2049 1158 2114 intervallumtn

188 2147 285 2196 motus
301 2132 356 2195 trie
370 2134 462 2196 verba
484 2155 551 2197 esse
565 2136 747 2198 voluerunt:
770 2138 851 2221 quod
870 2159 969 2220 neque
987 2137 1128 2200 observa-

180 2233 245 2296 ¹tur,
263 2240 360 2303 neque
376 2219 437 2280 lieri
454 2235 574 2304 potest:
598 2223 653 2284 sed
668 2222 709 2284 illi
724 2223 807 2305 quasi
825 2243 993 2288 mensurant
1009 2221 1128 2301 tardita

188 2306 225 2368 tis
242 2304 460 2389 celeritatisque
481 2305 608 2390 aliquam
625 2329 695 2370 esse
708 2309 887 2370 voluemnt:
910 2328 1009 2390 neque
1024 2306 1128 2371 imme-

189 2391 257 2468 rito,
275 2413 312 2453 ne
329 2406 376 2453 aut
393 2391 442 2452 diu
464 2392 559 2454 otiosa
579 2407 659 2454 esset
678 2415 791 2468 manus,
810 2408 871 2470 aut,
887 2394 969 2476 quod
986 2391 1072 2454 multi
1086 2390 1129 2456 sa·

189 2475 281 2551 ciunt,
296 2477 444 2538 actionem
459 2477 601 2538 continuo
616 2492 700 2538 motu
715 2479 919 2540 conciderent
960 2476 1055 2540 Aliud
1070 2492 1160 2554 est,ss

189 2562 270 2642 quod
286 2575 316 2621 et
328 2561 362 2620 lit
376 2558 558 2640 frequentius
573 2574 604 2622 et
619 2559 714 2642 tnagis
728 2560 800 2623 fallit
812 2584 821 2622 r
845 2577 912 2624 sunt
926 2563 1074 2645 quaedam
1088 2562 1129 2625 la·
1209 2568 1210 2571 ’

188 2655 285 2704 tentes
301 2643 447 2703 sermonis
464 2645 691 2723 percussiones,
709 2660 740 2707 et
754 2647 839 2727 quasi
860 2647 950 2729 aliqui
963 2648 1076 2728 pedes,
1092 2648 1131 2710 ad

188 2745 264 2805 quos
281 2725 473 2804 plurimorum
489 2740 589 2805 gestus
606 2727 710 2786 cadit:
733 2743 767 2789 ut
783 2731 823 2790 sit
837 2752 912 2792 unus
929 2744 1042 2806 motus,
1060 2732 1130 2794 No·

188 2825 257 2866 suns
272 2807 411 2880 emnam
435 2807 520 2883 alter,
542 2807 579 2868 0.
599 2807 740 2884 Cosam,-
764 2812 878 2886 senius,
897 2813 941 2872 Et
960 2823 1030 2873 nats
1051 2817 1130 2879 lonc
1209 2847 1211 2853 r

190 2891 294 2968 disns3
323 2903 456 2974 quartus,
481 2893 559 2954 Non
588 2891 728 2953 aedituas
740 2917 751 2970 ‚-
785 2895 905 2971 deinde,
932 2897 1158 2980 Propinquus
1209 2934 1210 2987 p

189 2997 295 3054 meas3
318 2991 359 3053 et,
379 2975 429 3037 tid
459 2988 508 3054 te,·
532 2991 573 3054 et,
603 2978 740 3052 Quintae
770 2979 913 3056 Tubero,
936 2980 1127 3056 saltaretis.

191 3063 283 3127 Unde
299 3064 328 3126 id
343 3083 462 3147 queque
479 3063 543 3126 fluit
562 3063 677 3140 vitium,
694 3080 726 3126 at
742 3064 881 3149 juvenes,
899 3087 968 3128 cum
982 3067 1126 3147 scribunt,

190 3163 305 3230 gestum
317 3150 531 3232 praemodulati
546 3149 725 3232 cogitatione
741 3151 785 3213 sic
800 3166 993 3234 componant,
1003 3173 1128 3236 quomo·

176 3233 350 3294 doeasura
372 3254 474 3295 manus
494 3249 550 3297 est.
599 3234 676 3296 Inde
694 3250 726 3298 et
746 3236 817 3297 illud
835 3236 950 3313 vitium,
967 3251 1126 3319 utgestus,
1209 3258 1210 3265 ¹

190 3313 239 3396 qui
256 3315 283 3374 in
299 3317 357 3375 line
373 3317 478 3379 dexter
493 3341 562 3382 esse
572 3319 675 3394 debet,
687 3321 716 3382 in
731 3321 880 3383 sinistnsm
895 3320 1064 3405 frequenter
1072 3323 1158 3386 sess

189 3397 275 3460 sinat.
325 3397 435 3462 Melius
457 3402 539 3477 illud,
557 3425 626 3475 cum
647 3405 706 3468 sint
723 3406 752 3467 in
768 3427 908 3469 amnone
926 3407 1007 3469 omni
1025 3407 1126 3471 brevia
1209 3464 1210 3487 Ξ

187 3482 337 3567 quaedam
350 3485 496 3561 membra,
509 3489 546 3549 ad
556 3509 646 3571 quae,
659 3489 821 3552 sinecesee
835 3491 885 3568 sit,
896 3493 1030 3575 recipere
1041 3491 1127 3574 spiri·

177 3581 251 3630 *tarn
266 3569 366 3645 liceat,
383 3569 422 3636 ad
437 3569 511 3632 haec
526 3587 642 3653 gestum
655 3575 816 3658 disponere
831 3596 841 3635 ε
861 3589 895 3639 ut
909 3592 993 3660 puta,
1002 3576 1128 3644 Neston
1209 3614 1210 3681 p
