2459 4200
156 285 218 348 146
441 297 480 341 n.
499 295 594 340 naeu
612 291 837 348 aornrtmanr

154 448 424 536 interpretationem
446 461 559 512 tantum
573 446 657 522 volo,
674 445 729 510 sed
744 443 827 508 circa
846 445 970 508 eosdem
988 465 1094 510 sensus

152 549 301 599 commen
317 548 404 617 atque
420 533 659 596 aemulationem.
695 587 697 593 .
1025 577 1027 580 ψ

195 619 331 704 Ideoque
354 619 463 682 abillis
479 615 635 695 dissenti0,
651 617 703 702 qui
723 632 840 682 vertere
860 615 1008 679 orationes
1030 613 1092 678 La·

152 706 225 769 tinas
241 719 353 781 vetant,
364 703 444 790 quia,
456 702 577 788 optimis
594 703 764 786 occupatis,
794 701 916 786 uiequid
931 701 1015 764 aliter
1026 700 1094 762 dix·

152 791 273 869 erimus,
289 811 416 852 necesse
432 788 469 852 sit
484 810 552 852 esse
568 788 709 852 deterius.
787 809 834 852 am
855 808 953 872 neque
973 807 1116 934 sempera

151 890 198 940 est
221 875 453 960 desperandum,
471 873 580 957 aliquid
601 871 671 951 illis,
687 894 764 957 quae
787 873 867 936 dicta
889 871 969 950 sunt,
987 894 1037 934 me
1049 871 1095 936 ius

150 981 242 1046 posse
257 959 380 1044 reperiri
397 981 404 1020 :
428 979 525 1044 neque
540 958 618 1020 adeo
628 957 762 1043 jejunam
776 979 814 1022 ac
828 978 993 1042 pauperem
1008 972 1095 1020 natu·

151 1067 182 1109 ra
198 1045 398 1129 eloquentiam
414 1043 497 1120 lecit,
514 1058 547 1106 ut
562 1065 619 1106 una
634 1044 672 1106 de
687 1065 719 1106 re
734 1044 811 1106 bene
827 1043 898 1120 diei,
912 1042 968 1106 nisi
984 1042 1094 1121 semel,

87 1121 95 1136 '
150 1151 209 1194 non
236 1130 342 1215 possit.
390 1127 456 1192 Nisi
480 1127 555 1193 forte
578 1127 752 1191 histrionum
779 1128 871 1191 multa
892 1127 976 1192 circa
996 1149 1094 1192 voces

150 1215 274 1280 easdem
295 1215 409 1279 variare
432 1229 532 1298 gestus
555 1227 668 1296 potest,
685 1214 788 1276 orandi
810 1213 907 1276 minor
926 1213 1130 1290 via,utdi·1o

150 1317 233 1364 catur
253 1300 375 1385 aliquid,
392 1313 462 1384 post
475 1299 557 1383 quod
579 1299 608 1362 in
632 1299 739 1363 eadem
762 1299 885 1362 materia
904 1299 976 1361 nihil
991 1299 1095 1362 dicen·

150 1385 221 1448 dum
236 1385 284 1448 sit.

195 1469 260 1534 Sed
276 1484 353 1548 esto,
370 1490 467 1553 nequa
483 1469 600 1546 melius,
611 1470 693 1552 quod
709 1470 887 1548 invenimus,
898 1491 977 1547 esse,
993 1489 1093 1552 neque

149 1575 223 1637 part:
248 1567 293 1616 est
314 1568 396 1616 certe
419 1553 573 1636 proximus
595 1554 693 1616 locus.
741 1553 794 1616 An
810 1576 882 1618 vero
901 1555 958 1639 ipsi
973 1575 1031 1616 non
1044 1553 1094 1618 bis

148 1659 184 1702 ac
207 1636 324 1720 saepius
341 1637 379 1700 de
401 1638 508 1700 eadem
531 1659 563 1700 re
580 1637 720 1716 dicimus,
737 1654 768 1701 et
789 1639 911 1722 quidem
935 1639 1129 1703 continuasti

147 1743 356 1806 nonnunquam
378 1721 567 1786 sententias?
611 1721 679 1786 Nisi
695 1722 772 1787 sorte
787 1725 971 1788 contendere
991 1724 1094 1788 nobis·

149 1831 218 1872 oum
232 1829 403 1894 possumus,
421 1829 490 1873 cum
505 1808 568 1872 aliis
587 1830 647 1871 non
668 1831 838 1894 possumus.
884 1809 965 1873 Nam
987 1810 1013 1873 si
1035 1831 1095 1874 uno

147 1915 258 1977 genere
284 1895 362 1958 bene
386 1894 545 1973 diceretur,
563 1892 607 1958 sas
630 1910 692 1958 erat
714 1895 877 1958 existimari
905 1896 1095 1980 praeclusam

147 1979 233 2040 nobis
249 1999 267 2039 a
282 1979 429 2058 prioribus
445 1979 534 2041 viam.
582 1977 671 2042 Nune
687 2002 760 2042 vero
780 1981 1008 2045 innumerabiles
1027 1995 1096 2045 sunt

147 2061 241 2138 modi,
259 2061 463 2146 plurimaeque
482 2064 595 2126 eodem
615 2064 683 2127 viae
697 2065 819 2129 ducunt.
869 2065 933 2131 Sua
956 2065 1128 2132 brevitetiao

199 2146 250 2225 tia,
268 2168 321 2209 sua
343 2147 451 2233 copiae
467 2169 476 2225 3
499 2148 555 2211 alia
578 2150 728 2213 translatis·
747 2151 852 2231 virtus,
869 2152 927 2215 alia
950 2154 1091 2238 propriis.

185 2254 224 2297 oc
254 2232 349 2297 oratio
380 2249 474 2314 recta,
492 2234 563 2298 illud
594 2235 686 2319 ligura
708 2237 856 2301 declinata
886 2240 1091 2302 commendat.

147 2316 221 2403 Ipsa
251 2318 378 2405 denique
416 2322 571 2385 utilissima
604 2336 652 2386 est
685 2324 891 2387 exercitationi
921 2323 1091 2388 difficultas.

148 2402 262 2477 Quid?
284 2408 366 2489 quod
392 2423 531 2471 auctores
561 2407 683 2470 maximi
706 2409 751 2472 sic
775 2409 941 2493 diligentius
964 2408 1093 2493 cognos-

147 2490 281 2553 cuntur?
325 2490 395 2553 Non
415 2494 494 2554 enim
514 2492 626 2574 scripta
644 2493 774 2557 lectione
794 2516 902 2558 secura
920 2494 1129 2560 transcurri-ar

147 2596 235 2638 mus:
259 2576 314 2637 sed
340 2588 500 2637 tractamus
527 2576 653 2658 singula,
670 2571 706 2639 et*
725 2580 898 2642 necessario
923 2579 1094 2665 introspici-

148 2679 223 2733 mus,
242 2672 283 2735 et,
301 2672 442 2740 quantum
456 2660 572 2722 virtutis
587 2660 727 2739 habeant,
741 2663 790 2725 vel
804 2664 864 2727 hoc
880 2664 947 2748 ipso
963 2687 1093 2750 cognos-

147 2741 254 2817 cimuS,
271 2742 353 2825 quod
369 2742 475 2805 imitari
490 2766 550 2806 non
566 2765 735 2826 possumus.
786 2767 788 2776 ·

189 2823 256 2887 Nec
270 2824 367 2887 aliena
388 2840 502 2889 tantum
521 2826 691 2904 transferre,
709 2830 764 2889 sed
780 2829 869 2890 etiam
884 2844 985 2894 nostra
999 2834 1094 2914 pluri-

146 2911 201 2972 bus
217 2908 315 2973 modis
330 2922 457 2973 tractare
478 2910 634 2995 proderit:
659 2926 690 2973 ut
712 2932 752 2973 ex
774 2912 916 2980 industria
938 2936 1128 2988 sumamussa

147 2996 307 3059 sententias
323 2996 479 3080 quasdam,
497 3018 607 3081 easque
631 3016 784 3061 versemus
799 3018 889 3082 quam
910 3005 1092 3069 numerosis·

147 3081 233 3160 sime,
252 3082 332 3147 velut
354 3083 460 3147 eadem
484 3104 554 3147 cera
577 3082 652 3145 aliae
675 3096 763 3168 atque
785 3083 861 3147 aliae
883 3083 997 3151 formae
1020 3090 1092 3155 duci

147 3168 255 3230 solent.

156 3296 159 3304 Δ
191 3250 357 3313 Plurimum
372 3268 471 3316 autem
493 3253 588 3337 parari
603 3251 751 3319 facultatis
767 3255 907 3319 existimo
923 3279 962 3321 ex
977 3259 1091 3345 simpli·

82 3394 84 3400 .
147 3333 268 3397 cissima
282 3355 399 3419 quaque
421 3338 554 3401 materia.
601 3337 682 3401 Nam
697 3340 726 3403 in
745 3342 794 3405 illa
816 3342 971 3425 multiplici
987 3367 1125 3429 perso-an

146 3439 259 3496 numm,
277 3440 444 3499 causarum,
461 3436 642 3507 temporum,
658 3424 807 3505 locorum,
818 3426 978 3509 dictorum,
994 3429 1090 3495 faeto-

147 3526 212 3568 rum
224 3503 394 3569 diversitate
406 3505 493 3571 facile
505 3509 663 3575 delitescet
678 3511 843 3591 infirmitas,
854 3526 898 3575 tot
912 3536 946 3578 se
961 3516 1091 3667 undiqple

147 3590 247 3670 tebras,
259 3612 299 3655 ex
313 3590 419 3677 quibus
434 3593 562 3680 aliquam
577 3597 796 3681 apprehendas,
810 3599 1015 3665 offerentibus.

1223 636 1226 803 l

1154 1525 1174 1538 -

1214 1873 1219 1883 ·
