2459 4200
1 3708 108 3784 N«.

153 259 214 328 114
439 271 475 318 st.
496 267 590 317 ratri
609 230 832 324 consaturant

145 425 211 493 sisu
224 421 381 491 oculorum
392 424 535 507 intelligo
549 442 559 484 .·
581 443 639 486 nec
655 435 686 484 ut
696 440 803 484 'moero
816 417 949 503 gladium
963 417 1008 481 sio
1022 427 1089 481 ntu-

147 527 266 575 motin
280 511 395 595 gladius
411 509 551 573 ostendit.

189 596 258 661 Sed
270 610 304 658 ut
318 595 408 678 eopia
424 595 582 657 verborum
598 592 642 654 sic
658 604 787 674 paratur,
801 589 840 651 ita
856 610 916 651 non
930 588 1090 650 verborum

144 690 259 745 tantum
275 678 369 764 gratia
387 677 544 762 legendum
561 677 611 739 vel
628 675 806 738 audiendum
826 688 883 737 est.
930 671 1009 763 Nam
1024 686 1090 733 otn-

143 765 240 842 aium,
257 783 453 864 quaecunque
476 763 634 838 docemus,
651 761 711 821 hoo
732 773 799 822 suut
816 758 961 841 »exempla
983 771 1114 840 poten-s

147 849 225 912 tiore
245 863 338 912 otram
359 849 444 932 ipsis,
462 867 537 930 quae
562 846 726 921 traduntur,
744 844 866 920 artibus,
884 863 953 904 cum
971 863 1021 918 eo,
1038 841 1090 924 qui

145 933 421 1018 &compendiosus
434 945 491 1010 est,
505 945 534 993 ut
549 929 713 1012 intelligere
725 949 764 991 ea
775 928 841 990 sine
852 929 1090 1004 demonstrante,

147 1029 180 1079 et
195 1017 278 1101 sequi
290 1015 354 1101 jam
370 1017 429 1080 suis
443 1015 552 1078 viribus
563 1014 659 1099 possit
675 1035 682 1074 ε
707 1013 785 1097 quia,
796 1033 872 1096 quae
884 1013 991 1073 doctor
1002 1030 1092 1094 prae·

148 1101 244 1184 oepit,
261 1114 360 1164 orator
375 1100 515 1164 ostendit.

196 1183 267 1247 Alia
292 1203 365 1248 vero
394 1185 560 1262 audientes,
579 1183 635 1246 alia
656 1177 790 1265 legentes
821 1180 913 1263 magis
937 1178 1127 1263 adjuvantia

151 1267 286 1345 Excitat,
302 1269 354 1354 qui
373 1269 460 1349 dicit,
478 1269 580 1352 spiritu
603 1269 682 1352 ipso,
699 1287 756 1329 nec
780 1266 904 1348 imagine
927 1278 959 1326 et
981 1263 1092 1326 ambitu

148 1373 261 1431 rerum,
273 1355 327 1416 sed
340 1354 431 1418 rebus
447 1353 587 1416 incendit.
636 1352 751 1414 Vivunt
766 1351 863 1413 omnia
878 1349 969 1426 enim,
981 1363 1012 1410 et
1026 1369 1091 1410 mo·

151 1451 267 1514 ventur,
281 1438 350 1499 exci
373 1438 507 1520 imusque
522 1459 599 1499 nova
614 1437 675 1514 illa,
689 1437 770 1498 velut
783 1434 949 1510 nascentia,
961 1453 1031 1495 cum
1044 1431 1092 1494 la-

150 1537 224 1582 vore
247 1541 283 1581 ao
305 1459 512 1582 soldoitudine.
560 1521 627 1582 Nec
651 1521 767 1583 fortuna
786 1521 881 1581 modo
900 1517 1017 1603 judieii,
1036 1517 1093 1579 sed

148 1603 240 1664 etiam
261 1603 405 1686 ipsorum,
421 1604 471 1686 qui
494 1619 588 1682 orant,
606 1605 741 1688 periculo
763 1604 919 1666 afficimur.
967 1601 1128 1664 Praetoris

147 1687 237 1764 draeo,
253 1705 317 1749 vox
334 1701 367 1750 et
387 1687 465 1750 aetio
487 1689 608 1767 decora,
626 1689 799 1765 commoda,
813 1701 848 1750 ut
862 1689 987 1771 quisque
1004 1687 1091 1749 loeus

146 1772 323 1856 postulabit,
341 1773 566 1858 pronunciandi,
584 1775 634 1836 vel
659 1773 864 1857 potentissima
892 1773 923 1834 in
944 1772 1089 1848 dicendo,

148 1857 236 1936 rato,
254 1872 295 1936 et,
309 1871 344 1921 ut
359 1859 452 1922 semel
467 1859 578 1936 dicam,
596 1859 706 1944 pariter
719 1858 831 1935 omnia,
849 1859 970 1920 docent.

195 1941 232 2002 ln
247 1943 375 2004 lectione
391 1943 501 2005 certius
513 1943 671 2026 judicium,
683 1945 764 2027 quod
779 1943 908 2006 audienti
923 1941 1093 2025 frequenter

147 2033 200 2086 ant
216 2045 285 2088 suus
301 2026 407 2110 cuique
423 2025 519 2105 favor,
537 2042 586 2090 aut
601 2029 651 2090 ille
666 2028 844 2090 laudantium
861 2029 975 2090 elamor
990 2041 1127 2089 exter-m

146 2124 231 2193 quet.
279 2110 381 2174 Pudet
408 2111 489 2174 enim
512 2112 679 2190 dissentire,
698 2128 728 2176 et
748 2114 831 2176 velut
850 2114 941 2177 tacita
962 2114 1092 2197 quadam

148 2196 331 2260 weoundie
352 2196 517 2260 inhibemur
538 2199 604 2282 ‘plus
627 2199 714 2261 nobis
735 2198 871 2277 credere,
889 2220 959 2261 eum
974 2198 1091 2260 interim

112 2309 122 2319 ·
146 2284 182 2343 tlt
204 2282 311 2345 vitiosa
328 2282 464 2367 'pluribus
489 2284 638 2368 placeant,
651 2299 687 2346 et
709 2306 726 2346 a
748 2284 910 2367 corrogatis
937 2284 1092 2345 laudentur

145 2366 241 2429 etiam
256 2388 333 2452 quae
347 2390 406 2431 non
423 2369 550 2451 placent.
600 2369 666 2432 Sed
681 2391 698 2430 e
714 2369 861 2431 contrario
876 2389 995 2452 quoque
1010 2368 1091 2429 acci·

147 2450 205 2528 uit,
220 2466 255 2513 ut
270 2453 381 2549 optime
398 2452 484 2513 dictis
500 2453 623 2533 gratiam
638 2472 730 2533 prava
746 2452 859 2533 judicia
874 2474 935 2514 non
950 2452 1128 2515 reserant&

150 2532 263 2595 {tectio
276 2535 369 2595 libera
384 2547 441 2606 est,
458 2555 515 2593 nec
536 2534 661 2594 actionis
682 2534 795 2615 impetu
813 2538 1012 2599 transcurrit:
1035 2538 1091 2600 sed

145 2630 287 2698 repetere
302 2616 421 2699 saepius
436 2615 517 2691 licet,
536 2616 599 2676 sive
615 2616 744 2693 dubites,
762 2619 828 2680 sive
845 2622 1013 2684 memoriae
1027 2624 1090 2684 affi-

145 2710 220 2782 gere
236 2699 321 2761 velis.
362 2699 549 2781 Repetamus
566 2714 664 2761 autem
681 2716 710 2763 et
726 2716 900 2782 tractemus,
912 2720 943 2767 et
958 2721 989 2768 ut
1005 2708 1091 2769 cibos

144 2800 270 2843 mansos
295 2802 333 2845 ac
360 2804 454 2867 prope
481 2782 656 2867 liquefactos
680 2787 872 2866 demittimus,
890 2810 949 2872 quo
974 2789 1091 2854 facilius

145 2866 328 2949 digerantur,
346 2868 386 2931 ita
409 2868 502 2931 'lectio
533 2892 592 2931 non
617 2869 720 2948 cruda,
738 2874 791 2935 sed
819 2874 909 2934 multa
931 2873 1128 2939 iterationem

146 2952 261 3017 motin
286 2968 315 3017 et
337 2955 417 3018 velut
441 2952 591 3034 conlecta,
610 2956 770 3019 memoriae
794 2954 1008 3041 imitationique
1027 2968 1090 3024 'tra-

87 3046 90 3049 '
144 3038 245 3102 datur.

149 3187 151 3189 ,
192 3124 246 3207 Ate
269 3120 318 3189 diu
340 3126 478 3191 nonnisi
501 3127 630 3213 optimus
645 3128 781 3212 quisque,
796 3128 894 3212 etqui
915 3129 1089 3193 credentem

144 3208 205 3268 sibi
221 3211 341 3273 mimine
356 3209 447 3287 sallat,
461 3214 673 3294 legendus-est,
688 3215 742 3276 sed
757 3213 924 3298 diligenter,
939 3233 975 3277 ac
989 3230 1087 3299 paene

145 3290 352 3355 adsentandi
368 3295 595 3360 sollicitudinem
612 3318 624 3356 e
644 3321 700 3360 nec
715 3322 771 3382 per
785 3315 883 3383 partes
900 3301 991 3362 modo
1005 3310 1126 3363 sota-'⁸⁵

145 3374 238 3435 landa
253 3377 363 3453 omnia,
382 3378 436 3439 sed
452 3379 601 3460 perlectus
617 3382 691 3445 liber
705 3383 806 3465 utique
822 3406 861 3445 ex
873 3385 991 3467 integro
1006 3400 1087 3448 resu-

144 3458 286 3537 mendus,
301 3461 464 3544 praecipue
482 3465 592 3542 oratio,
609 3468 697 3551 cnjus
716 3468 838 3530 virtutes
855 3468 1030 3553 ‘frequenter
1041 3483 1086 3532 'ex

140 3544 288 3609 'industria
305 3563 426 3629 quoque
445 3548 639 3613 occultantur.
690 3553 791 3637 Saepe
814 3554 893 3615 enim
912 3570 1084 3641 praeparat,
