2459 4200
341 298 495 343 sannone
514 296 664 352 ananau
680 298 816 343 carras.
1001 284 1060 345 191

120 448 288 513 meandum
315 448 372 514 alia
393 450 472 514 vitae
494 450 576 528 vitia,
594 451 685 515 etiam
705 451 763 514 bac
787 450 896 536 ubique
911 451 1062 530 audiendi,

120 535 200 619 qnod
222 556 310 599 aures
331 536 472 613 mulceat,
489 535 641 621 voluptate
656 537 811 599 ducantur.
859 535 944 608 Quid
962 538 1064 621 ergo?

118 640 178 683 non
195 634 226 683 et
238 619 352 685 Cicero
364 622 436 684 dicit
452 643 520 685 esse
535 622 716 705 aliquantis
730 621 864 685 creticae
876 633 998 685 cantum
1012 623 1063 685 ab·

118 706 319 769 acutiorem?
342 720 371 769 et
387 708 446 770 hoc
462 708 593 791 quodam
610 708 733 770 naturali
752 707 835 770 initio
849 708 931 770 venit
947 708 959 767 ἓ
1003 706 1062 772 Os·

97 792 242 853 stendam
256 813 315 853 non
336 792 430 856 multo
451 806 533 876 post,
551 792 601 857 ubi
616 806 647 856 et
661 807 805 875 quatenus
819 792 1010 876 recipiendus
1026 794 1063 857 sit

118 874 170 937 hic
188 876 294 954 flexus,
313 891 343 939 et
358 890 462 941 cantus
478 878 610 961 quidem,
629 878 695 956 sed,
712 878 793 963 quod
808 878 943 963 plerique
958 878 1063 941 intelli·

118 980 191 1043 gere
205 960 319 1040 nolunt,
336 962 500 1025 obscurior.

163 1044 186 1108 J
188 1068 235 1110 am
252 1048 331 1109 enim
350 1061 467 1131 tempus
487 1062 533 1111 est
547 1048 679 1126 dicendi,
697 1070 772 1132 quae
787 1049 826 1113 sit
840 1060 913 1133 apta
925 1070 1061 1133 proauo·

120 1132 222 1193 elatio.
271 1130 360 1203 Quae
377 1147 459 1196 eerte
476 1155 510 1196 aa
526 1147 582 1212 est,
594 1133 672 1216 quae
687 1120 735 1212 iis,
746 1134 785 1198 de
800 1135 1061 1217 quibusdicimus,

85 1218 376 1280 maccommodatur.
425 1217 520 1290 Quod
535 1219 656 1301 quidem
676 1221 807 1281 maxima
822 1234 961 1302 exparte
977 1242 1062 1303 prae·

118 1315 199 1365 stant
220 1302 276 1385 ipsi
300 1316 396 1366 motus
420 1302 597 1381 animorum,
620 1316 764 1385 sonatque
787 1324 860 1380 vox,
883 1317 915 1365 ut
936 1302 1062 1365 feritur:

118 1388 175 1450 sed
191 1409 258 1451 curn
280 1388 337 1451 sint
355 1388 403 1450 alii
419 1389 482 1451 veri
509 1389 647 1463 affectus,
664 1387 713 1449 alii
732 1387 794 1449 ficti
814 1401 844 1450 et
866 1387 982 1466 imitati,
999 1388 1062 1451 veri
1105 1452 1112 1463 ,

118 1473 288 1535 naturaliter
311 1479 483 1557 erumpunt,
500 1488 532 1537 nt
555 1473 730 1550 dolentium,
748 1472 950 1546 irascentium,
967 1474 1061 1558 indig-

118 1558 275 1634 nantium3
299 1559 352 1621 sed
380 1573 483 1622 carent
508 1573 583 1636 arte,
604 1558 733 1643 ideoque
760 1573 828 1622 sunt
850 1558 1005 1643 disciplina
1031 1575 1062 1624 et

84 1642 234 1706 uratione
256 1642 412 1707 formandi.
460 1642 574 1707 Contra
597 1644 648 1729 qui
678 1645 854 1729 effinguntru
883 1644 1059 1724 imitatione,

118 1741 211 1791 artem
226 1728 359 1791 hebent:
383 1731 436 1794 sed
452 1730 482 1792 hi
498 1743 600 1794 carent
614 1744 739 1793 natura:
762 1731 891 1811 ideoque
907 1730 935 1791 in
952 1732 986 1792 iis
1002 1730 1061 1813 pri-

117 1832 200 1877 mum
224 1828 269 1877 est
291 1814 368 1878 bene
392 1815 483 1891 affici,
501 1829 531 1878 et
553 1814 716 1897 concipere
741 1814 881 1895 imagines
904 1834 1014 1888 rerum,
1032 1827 1063 1875 et

117 1912 259 1982 tanquam
283 1900 362 1963 veris
389 1900 514 1963 moveri.
564 1898 619 1963 Sic
645 1898 728 1960 velut
750 1897 850 1960 media
875 1918 949 1975 vox,
971 1918 1062 1981 quem

116 1984 250 2047 habitum
266 2006 283 2047 a
299 1985 406 2049 nostris
421 1984 585 2070 acceperit,
600 1983 679 2047 hunc
690 1980 828 2068 judicum
843 1981 949 2059 animis
964 1983 1057 2047 dabit.

83 2068 178 2133 aoEst
193 2070 270 2134 enim
291 2072 396 2136 mentis
417 2071 520 2152 index,
536 2092 571 2136 ac
591 2070 728 2149 totidem,
746 2084 819 2155 quot
841 2070 1059 2150 illa,1nutatio·

117 2177 171 2220 nes
187 2156 285 2220 habet.

163 2240 269 2326 Itaque
284 2243 369 2306 laetis
389 2244 418 2306 in
440 2243 528 2306 rebus
549 2242 637 2324 plena
657 2254 689 2302 et
708 2239 837 2321 simplex
855 2254 887 2301 et
906 2240 971 2321 ipsa
987 2259 1060 2320 quo·

119 2326 282 2391 dammodo
298 2328 397 2391 hilaris
410 2328 474 2390 fluit
489 2348 496 2387 :
520 2326 550 2387 in
566 2323 727 2387 certamine
740 2337 841 2385 erecta
855 2322 925 2385 totis
936 2321 1059 2399 viribus,

119 2425 150 2474 ct
172 2413 254 2476 velut
276 2414 412 2476 omnibns
437 2409 535 2474 nervis
558 2407 727 2472 intenditur.
776 2405 878 2468 Atrox
899 2406 928 2468 in
951 2406 1006 2483 ira,
1032 2421 1062 2469 et

83 2517 283 2582 uesperaac
302 2499 407 2572 densa,
425 2511 454 2560 et
476 2494 672 2578 respiratione
694 2491 808 2556 crebra.
855 2490 963 2576 Neque
981 2491 1061 2554 enim

117 2597 220 2666 potest
235 2605 303 2646 esse
318 2583 422 2664 longus
438 2581 568 2665 spiritus,
587 2601 657 2644 cum
677 2578 873 2642 immoderate
888 2577 1058 2642 effunditur·
1144 2611 1151 2621 x

118 2667 260 2730 Paullum
283 2667 311 2727 in
338 2666 447 2730 invidia
469 2665 606 2730 facienda
629 2664 746 2743 lentior,
764 2664 832 2748 quia
853 2687 913 2727 non
935 2663 998 2727 fere
1023 2663 1061 2728 ad

116 2753 196 2814 hauc
213 2749 268 2814 nisi
284 2749 437 2816 inferiores
454 2751 646 2836 confugiunt:
670 2766 700 2814 at
715 2751 745 2816 in
759 2751 950 2830 blandiendo,
967 2750 1060 2814 faten-

118 2837 172 2915 do,
186 2835 408 2916 satisfaciendo,
421 2840 565 2924 rogando,
578 2838 653 2903 lenis
669 2854 698 2902 et
714 2838 881 2902 summissa.
924 2836 1061 2902 Suaden-

82 2921 203 3001 edun,
220 2937 252 2986 et
281 2925 474 3003 monentium,
492 2940 522 2988 et
548 2924 765 3010 pollicentium,
788 2939 820 2985 et
845 2923 1062 2984 consolantium

118 3008 226 3090 gravis.
275 3007 312 3069 In
327 3024 407 3071 metu
423 3023 453 3071 et
467 3009 649 3070 verecundia
670 3019 833 3078 contracta,
851 3004 1061 3064 adhortationi-

117 3093 174 3154 bus
204 3089 300 3168 l'ortis,
323 3091 569 3174 disputationibus
591 3104 683 3164 teres,
709 3085 898 3147 miseratione
921 3084 1013 3145 flexa>
1031 3100 1062 3147 et

98 3201 102 3208 ·
118 3173 238 3250 flebilis,
256 3188 285 3236 et
301 3175 436 3237 consulto
451 3173 534 3256 quasi
550 3171 728 3235 obscurior:
751 3182 782 3230 at
797 3169 827 3230 in
842 3167 1061 3252 egressionibus
1155 3244 1158 3248 ¹

117 3259 195 3338 susa,
214 3273 244 3322 et
258 3280 383 3322 securae
399 3258 550 3337 claritatis,
567 3258 597 3320 in
613 3253 803 3340 expositione
818 3275 854 3317 ac
876 3254 1061 3320 sermonibus

86 3359 213 3420 arrecta,
229 3360 259 3408 et
273 3345 348 3408 inter
363 3358 483 3412 acutum
499 3364 604 3407 sonum
620 3357 651 3405 et
665 3362 785 3425 gravem
801 3339 911 3404 media.
959 3340 1060 3406 Attol-

119 3431 186 3495 litur
209 3446 307 3495 autem
330 3429 487 3495 concitatis
510 3428 679 3505 effectibus,
695 3427 872 3512 compositis
891 3428 1058 3506 descendit,

120 3537 176 3602 pro
192 3517 342 3602 utriusque
356 3516 399 3580 rei
415 3515 507 3578 modo
522 3513 608 3578 altius
624 3514 673 3577 vel
689 3511 819 3578 inferius.

164 3600 249 3674 Quid
272 3617 371 3666 autern
387 3601 511 3687 quisque
529 3601 558 3666 in
575 3599 705 3664 dicendo
724 3601 855 3684 postulet
872 3598 968 3674 locus,
986 3617 1059 3680 pau·
