2459 4200
161 294 227 359 m
423 342 427 351 .
453 308 490 354 rr.
510 308 604 353 mu
623 307 845 362 cursrrursttr

181 462 292 527 uotidie
308 460 418 543 aliquid
434 482 473 523 ex
489 482 536 538 ea,
554 481 644 544 quam
665 473 825 536 meruerat,
841 462 1019 527 auctoritate
1035 486 1105 547 per·

160 484 280 613 dentem
297 568 304 607 r
329 567 398 609 cum
414 560 519 629 agente
536 545 598 621 illo,
615 566 707 627 quem
721 543 888 627 principem
901 542 993 609 luisse
1007 570 1105 631 quon·

159 633 228 697 dam
244 631 301 695 lori
316 652 376 693 non
390 646 454 693 erat
469 630 603 705 dubium,
621 629 682 706 alii,
693 629 774 711 quod
790 628 940 713 indiguum
955 632 1103 714 videatur,

159 716 303 795 riderent,
320 716 369 779 alii
391 718 628 779 erubescerent:
652 735 729 801 quae
751 716 875 779 occasio
898 714 952 779 luit
971 718 1104 799 dicendi,

160 804 251 867 molle
274 824 341 865 cum
361 800 498 887 deficare,
516 822 606 885 quam
625 801 770 863 derisere.
816 798 926 885 Neque
949 818 1035 867 erant
1056 805 1127 870 illas

160 889 376 973 qualiacunque
404 888 494 965 mala,
514 888 567 951 sed
595 886 720 949 minora.
767 885 873 957 Quare
894 902 1053 973 antequam
1075 892 1106 955 in

159 974 213 1039 bas
229 974 333 1037 aetatis
349 973 449 1036 veniat
469 972 601 1049 insidias,
620 972 754 1054 receptui
774 986 874 1050 canet,
891 987 923 1036 et
941 974 970 1036 in
984 990 1105 1059 portum

159 1058 271 1141 integra
288 1079 363 1121 nave
379 1058 544 1141 perveniet.

203 1142 311 1227 Neque
328 1143 407 1205 enim
423 1142 552 1205 minores
568 1162 650 1218 eum,
666 1163 737 1204 cum
758 1142 788 1204 id
803 1139 921 1220 lecerit,
937 1144 1105 1209 studiorum

161 1226 273 1293 fructus
289 1242 514 1313 prosequentur.
564 1225 629 1289 Aut
644 1226 694 1290 ille
714 1242 905 1291 monumenta
919 1250 1018 1293 rerum
1033 1252 1139 1315 pos-rr

160 1315 244 1393 teris,
257 1329 317 1392 aut,
330 1331 360 1377 ut
376 1314 417 1377 L.
432 1314 560 1377 Crassus
577 1313 605 1374 in
622 1312 703 1375 libris
714 1312 873 1376 Ciceronis
888 1314 1027 1393 destinat,
1036 1316 1105 1402 jura

160 1401 370 1483 quaerentibus
394 1401 501 1475 tradet,
522 1413 572 1461 aut
594 1398 782 1481 eloquentiae
804 1414 968 1482 componet
994 1416 1101 1481 artem,

160 1501 210 1547 aut
225 1486 430 1568 pulcherrimis
443 1485 520 1547 vitae
536 1484 708 1567 praeceptis
720 1484 839 1567 dignum
854 1505 890 1547 os
901 1485 992 1549 dabit.
1025 1486 1103 1550 Fre·

159 1571 341 1651 quentabunt
355 1589 428 1631 vero
445 1569 508 1653 ejus
522 1570 644 1631 domum
659 1569 764 1652 optimi
774 1568 902 1655 juvenes
918 1592 1002 1634 more
1017 1586 1102 1635 vete·

159 1672 235 1729 mm,
254 1666 283 1715 et
308 1674 408 1717 veram
432 1653 551 1715 dicendi
574 1653 653 1715 viam
675 1654 757 1716 velut
779 1676 819 1716 ex
841 1656 964 1719 oraculo
985 1670 1139 1741 petentis

160 1734 231 1801 Hos
250 1738 299 1801 ille
316 1736 454 1801 formabit
470 1738 554 1821 quasi
574 1738 761 1821 eloquentiae
779 1760 898 1822 parens,
916 1754 947 1803 et
967 1756 1000 1804 ut
1014 1758 1103 1807 vetus

159 1826 337 1907 guberuator
352 1825 439 1888 litora
454 1840 485 1886 et
505 1836 621 1907 portuS,
637 1838 668 1886 et
682 1844 760 1907 quae
776 1838 985 1909 tempestatum
1004 1827 1101 1910 signa,

159 1909 230 1991 quid
246 1910 384 1973 secundis
401 1910 529 1984 flatibus,
547 1909 616 1992 quid
639 1910 772 1972 adversis
787 1911 857 1973 ratis
872 1925 990 1994 poscat,
1008 1913 1101 1977 doce·

158 1991 213 2069 bit,
230 2013 288 2054 uon
305 1993 490 2055 humanitatis
512 1993 607 2055 solum
624 1994 775 2055 communi
791 1995 898 2059 ductus
913 1997 1027 2074 officio,
1044 1998 1102 2061 sed

158 2094 259 2138 amore
278 2078 409 2160 quodam
432 2076 542 2160 operis.
589 2076 690 2140 Nemo
710 2078 789 2142 enim
811 2080 900 2142 minui
917 2082 990 2145 velit
1011 2082 1053 2162 id,
1070 2083 1137 2146 inat

157 2181 217 2244 quo
233 2161 379 2224 maxinme
395 2159 457 2222 luit.
497 2161 581 2231 Quid
597 2183 688 2245 porro
703 2177 749 2225 est
765 2163 928 2243 honestius,
940 2185 1029 2248 quam
1045 2168 1100 2229 do·

157 2265 229 2310 cere
244 2247 325 2331 quod
341 2245 453 2331 optime
473 2246 550 2326 scias
567 2247 579 2307 ?

204 2331 258 2398 Sic
280 2333 317 2395 ad
341 2355 374 2396 se
393 2331 531 2396 Caelium
554 2331 716 2396 deductum
734 2354 752 2395 a
771 2346 855 2416 patre
873 2332 987 2397 Cicero
1010 2335 1100 2418 profi·

157 2429 257 2480 tetur:
289 2418 332 2480 sic
357 2417 500 2495 Pansam,
530 2416 676 2494 Hirtium,
704 2417 899 2481 Dolabellam
922 2419 952 2481 in
982 2442 1098 2483 morem

156 2503 361 2587 praeceptoris
382 2503 517 2565 exercuit
532 2502 664 2584 quotidie
680 2502 784 2566 dicens
804 2503 997 2588 audiensque.
1045 2504 1139 2568 Acus

155 2588 260 2652 nescio
283 2609 319 2650 an
346 2610 414 2651 eum
437 2602 506 2650 tunc
528 2586 732 2648 beatissimum
755 2588 838 2651 credi
860 2604 997 2672 oporteat
1018 2587 1097 2668 sore,

156 2691 226 2732 cum
244 2672 308 2754 jam
331 2686 464 2734 secretus
486 2685 515 2733 et
535 2686 739 2747 consecratus,
757 2673 831 2734 liber
853 2673 976 2751 invidia,
993 2676 1099 2758 procul

155 2755 406 2830 contentionibus,
418 2754 524 2815 lamam
542 2755 570 2814 in
586 2768 649 2815 tuto
665 2756 832 2833 collocarit,
844 2771 874 2819 et
889 2759 998 2822 sentiet
1013 2761 1100 2825 vivus

154 2858 233 2915 eam,
245 2859 320 2922 quae
337 2835 475 2919 postlata
492 2837 634 2919 praestari
650 2838 743 2918 magis
759 2840 847 2915 solet,
859 2844 1099 2926 venerationem,

154 2923 269 3006 etquid
286 2921 365 3006 apud
381 2935 517 3006 posteros
532 2919 645 2984 futurus
661 2921 710 2999 sit,
727 2923 849 2984 videbit.
1108 2949 1136 2990 a

190 3009 340 3074 Conscius
353 3030 418 3072 sum
434 3007 516 3084 mihi,
529 3020 670 3092 quantum
684 3007 891 3072 mediocritate
903 3009 994 3090 valui,
1005 3032 1098 3096 quae·

154 3117 211 3179 que
227 3111 313 3160 antea
329 3095 459 3172 scierim,
471 3114 607 3178 quaeque
624 3093 725 3178 operis
740 3093 867 3180 hujusce
882 3096 974 3178 gratia
990 3113 1097 3182 potue·

153 3181 207 3244 rim
225 3183 383 3265 inquirere,
402 3181 528 3244 candide
550 3202 598 3242 me
620 3194 709 3263 atque
730 3180 904 3264 simpliciter
918 3181 946 3244 in
963 3185 1097 3250 notitiam

154 3285 268 3340 eorum,
290 3267 314 3329 si
341 3267 390 3350 qui
418 3265 493 3329 sorte
520 3287 707 3348 cognoscere
732 3266 907 3344 voluisseut,
924 3269 1096 3351 protulisse:

155 3345 258 3428 Atque
274 3350 303 3412 id
319 3351 481 3414 virobono
498 3351 567 3414 sutis
584 3366 640 3428 est,
659 3352 800 3414 docuisse
815 3353 897 3435 quod
913 3353 1014 3418 sciret.
1103 3373 1134 3414 ac

197 3433 316 3496 Vereor
331 3448 442 3512 tamen,
460 3458 497 3498 ne
513 3451 562 3498 aut
584 3457 687 3518 magna
702 3437 825 3499 nimium
840 3437 944 3502 videar
959 3439 1094 3521 exigere,

153 3519 202 3603 qui
224 3518 352 3582 eundem
371 3519 466 3580 virum
489 3520 599 3582 bonum
621 3543 700 3598 esse,
717 3536 748 3583 et
762 3522 882 3584 dicendi
902 3524 1028 3606 peritum
1043 3545 1096 3587 ve·

128 3605 230 3682 ,lim3
261 3619 310 3668 aut
337 3603 438 3680 multa,
457 3603 506 3686 qui
531 3618 576 3666 tot
598 3606 709 3668 artibus
731 3606 760 3667 in
784 3607 909 3689 pueritia
933 3609 1095 3688 discendis,

152 3709 410 3774 morumquoque
440 3703 613 3773 praecepta,
637 3704 668 3754 et
697 3691 853 3756 scientiam
878 3692 953 3777 juris
967 3694 1092 3777 civilis,
