2459 4200
157 308 222 373 286
444 326 481 370 rr.
501 324 596 369 rrrrr
613 318 837 374 eorsrrmam
941 382 946 387 ι

157 478 228 556 cist,
245 476 292 541 cui
309 476 469 561 ingenium,
489 476 639 554 valetudo,
656 472 794 554 facultas,
811 487 1023 559 praeceptores
1039 496 1099 536 non

157 564 279 629 deerunt
295 562 321 647 l)
341 578 441 627 tamen
458 576 514 640 est,
533 575 563 624 ut
578 560 693 624 Cicero
708 561 760 639 ait,
772 560 929 659 pulchrum
943 560 1097 621 insecun-

156 648 203 712 dis
218 648 371 733 tertiisque
388 648 555 711 consistere.
604 646 715 730 Neque
734 668 824 724 enrm,
841 646 866 709 si
886 644 953 729 quis
970 644 1098 708 Achillis

155 732 279 819 gloriam
295 734 322 797 in
339 733 453 799 bellicis
469 732 611 831 consequi
629 754 687 795 non
703 746 814 815 potest,
829 730 938 816 Ajacis
954 746 1003 793 aut
1019 729 1100 793 Dio·

156 820 253 885 medis
280 820 398 884 laudem
424 818 651 905 aspernabitur:
675 839 773 901 neque
795 817 844 901 qui
869 816 1000 879 Homeri
1026 818 1121 897 non,s'
1212 845 1213 850 1

159 904 297 989 Tyrtaei.
345 904 531 977 Quinimmo
543 904 567 968 si
579 904 656 966 hane
672 903 882 986 cogitationem
899 902 1037 965 homines
1048 902 1100 963 ha·

156 990 300 1069 buissent,
318 1004 349 1053 ut
364 1012 454 1053 nemo
473 1012 506 1053 se
528 989 681 1051 meliorem
696 987 760 1051 sore
776 1009 827 1065 eo,
845 987 895 1071 qui
910 987 1039 1071 optimus
1053 985 1098 1049 su-

157 1074 240 1155 isset,
251 1074 439 1139 arbitraretur
455 1096 462 1135 :
486 1074 515 1137 hi
529 1074 597 1159 ipsi,
631 1072 659 1136 ui
675 1088 742 1136 sunt
753 1073 870 1157 optimi,
881 1095 942 1135 non
954 1071 1099 1148 luissem;

156 1182 254 1245 neque
278 1174 347 1247 post
367 1159 544 1223 Lucretium
564 1096 763 1223 aelttacrum
779 1158 933 1241 Virgilius,
950 1180 1008 1221 nec
1032 1169 1102 1242 post

157 1246 305 1311 Crassum
320 1260 351 1310 et
366 1244 564 1311 Hortensium
579 1243 706 1322 Cicero,
718 1246 772 1307 sed
783 1266 840 1307 nee
856 1244 905 1307 alii
920 1258 1028 1327 postea
1038 1243 1133 1306 vic-1⁰

157 1332 243 1396 erint.

202 1418 319 1483 Verum
340 1430 371 1482 ut
391 1417 560 1483 transeundi
583 1438 652 1500 spes
674 1438 734 1479 non
753 1416 802 1493 sit,
820 1436 925 1498 magna
939 1430 1039 1478 tamen
1055 1428 1102 1478 est

157 1502 282 1585 dignitas
299 1504 509 1587 subsequendi.
559 1502 610 1565 An
627 1501 728 1565 Pollio
743 1515 774 1565 et
793 1500 949 1579 Messalla,
966 1500 1100 1586 qui‘jam

157 1584 309 1649 Cicerone
331 1608 433 1650 arcem
457 1601 576 1650 tenente
598 1587 786 1671 eloquentiae
809 1608 897 1669 agere
920 1600 1099 1669 coeperunt,

157 1692 259 1757 parum
283 1670 311 1733 in
332 1671 392 1733 vita
412 1672 558 1755 dignitatis
581 1671 756 1747 habuerunt,
774 1693 878 1754 parum
901 1673 940 1734 ad
963 1686 1102 1755 posteros
1110 1686 1134 1725 1⁵

157 1756 267 1841 gloriae
284 1756 493 1821 tradiderunt?
540 1755 665 1841 Alioqui
685 1756 816 1841 pessime
832 1756 870 1819 de
885 1758 975 1820 rebus
995 1757 1100 1819 hnma-

157 1843 202 1906 nis
217 1844 380 1927 perductae
396 1844 425 1906 in
442 1864 588 1907 summum
604 1857 681 1907 artes
697 1856 891 1920 ructaremus,
902 1842 939 1920 sl,
950 1842 1031 1926 quod
1047 1864 1102 1927 op

157 1927 261 1991 timum
277 1926 393 2005 suisset,
412 1926 565 1993 defuisset.

201 2010 294 2073 Adde
309 2013 389 2095 quod
412 2034 534 2095 magnos
556 2014 676 2077 modica
695 2035 814 2097 quoque
836 2013 1004 2098 eloquentia
1025 2014 1104 2097 parit
1204 2092 1206 2098 Α

158 2093 280 2174 fruetus,
298 2118 346 2174 ac,
365 2096 388 2158 si
411 2096 476 2180 quis
499 2098 573 2161 haec
597 2099 694 2162 studia
718 2098 840 2162 utilitate
863 2098 926 2162 sola
948 2099 1133 2177 metiatuas

156 2202 253 2267 paene
276 2181 316 2244 illi
340 2180 490 2266 perlectae
515 2206 569 2268 par
592 2198 647 2246 est.
694 2183 803 2267 Neque
823 2199 887 2247 erat
902 2185 1034 2262 difficile,
1053 2186 1103 2248 vel

157 2267 307 2332 veteribus
324 2269 372 2332 vel
387 2267 471 2331 novis
488 2269 635 2354 exernplis
657 2271 755 2354 palam
771 2269 883 2346 lacere,
901 2293 960 2332 non
981 2271 1102 2334 aliunde

157 2353 286 2439 majores
314 2377 400 2440 opes,
418 2355 557 2433 honores,
576 2355 732 2434 amicitias,
753 2357 871 2418 laudem
898 2370 1101 2439 praesentem,

157 2437 296 2518 futuram,
314 2440 480 2503 hominibus
498 2441 657 2524 contigisse
675 2463 682 2503 :
706 2441 730 2504 si
753 2456 851 2504 tamen
867 2441 987 2525 dignum
1007 2441 1102 2505 literis

158 2539 250 2603 esset,
267 2527 304 2588 ab
321 2547 412 2610 opere
436 2526 648 2624 pulcherrimo,
666 2526 751 2611 cujus
768 2540 909 2590 tractatus
930 2541 1018 2610 atque
1035 2526 1135 2610 ipsas

157 2611 310 2692 possessio
328 2611 527 2694 plenissimam
543 2611 646 2673 studiis
661 2612 783 2694 gratiam
799 2610 900 2688 refert,
912 2613 988 2675 hano
1004 2611 1103 2675 mino·

157 2714 220 2755 rem
237 2695 357 2775 exigere
379 2696 562 2771 mercedem,
581 2718 664 2756 more
685 2718 800 2774 eorum,
817 2696 868 2779 qui
883 2717 900 2758 a
916 2719 949 2760 se
965 2718 1025 2760 non
1041 2698 1102 2760 vir·

157 2789 246 2852 tutes,
261 2778 315 2837 sed
330 2778 523 2858 voluptatem,
538 2799 612 2859 quae
630 2780 660 2838 lit
675 2800 714 2838 ex
730 2781 895 2854 virtutibus,
910 2782 971 2861 peti
984 2783 1101 2846 dicunt.

202 2857 303 2944 Ipsam
321 2859 406 2941 igitur
420 2861 522 2921 orandi
546 2859 743 2942 majestatem,
760 2883 817 2944 qua
833 2861 904 2922 nihil
920 2862 960 2922 dii
976 2863 1104 2927 immor·

159 2947 231 3010 tales
252 2945 357 3008 melius
379 2943 488 3006 homini
505 2945 660 3022 dederunt,
678 2958 707 3006 et
724 2967 782 3029 qua
799 2960 912 3008 remota
932 2961 1014 3009 muta
1032 2965 1136 3014 sunta

160 3032 270 3110 omnia,
283 3046 311 3095 et
326 3031 394 3096 luce
411 3030 557 3115 praesenti
573 3053 608 3093 ac
626 3031 769 3094 memoria
786 3031 966 3114 posteritatis
982 3049 1098 3115 carent,

160 3134 224 3183 toto
248 3118 347 3182 animo
371 3133 517 3203 petamus,
541 3117 724 3200 nitamurque
751 3139 871 3201 semper
897 3117 934 3180 ad
961 3119 1099 3201 optima:

162 3205 241 3286 quod
269 3203 424 3280 iacientes,
443 3220 492 3267 aut
519 3203 680 3266 evademus
706 3203 735 3265 in
762 3225 921 3278 summum,
943 3218 1005 3266 aut·
1017 3219 1100 3269 certe

162 3287 269 3348 multos
286 3287 359 3350 insra
375 3311 428 3352 nos
443 3289 622 3351 videbimus.
793 3303 796 3309 '

164 3401 168 3408 ³
206 3369 296 3434 Haec
319 3381 413 3450 erant,
433 3373 579 3437 Marcelle
597 3373 728 3450 Victori,
746 3374 852 3457 quibus
875 3388 1035 3457 praecepta
1053 3373 1131 3434 diss

163 3455 250 3521 cendi
263 3475 317 3540 pro
329 3456 404 3517 virili
421 3475 503 3540 parte
520 3459 650 3544 adjuvari
667 3480 757 3543 posse
769 3481 823 3542 per
837 3480 891 3521 nos
903 3459 1073 3522 videbantur
1089 3479 1098 3520 t

163 3564 289 3628 quorum
300 3541 430 3624 cognitio
442 3543 583 3606 studiosis
590 3543 751 3628 juvenibus
763 3544 786 3606 si
804 3567 863 3607 non
878 3565 1013 3627 magnam
1024 3542 1100 3606 utili·

163 3641 255 3691 tatem
271 3627 386 3706 afferet,
403 3639 541 3704 atcerte,
559 3630 639 3711 quod
659 3630 752 3713 magis
767 3629 906 3712 petimus,
922 3630 1031 3692 bonam
1046 3651 1100 3693 vo·

163 3711 315 3777 luntatem.
367 3709 462 3794 [XII.
484 3712 551 3790 11.]
