2459 4200
354 322 508 367 1111111
526 322 675 377 oneum«
694 326 830 372 111111.
1017 314 1079 375 185

133 494 182 537 me
201 473 294 553 varia,
313 495 389 558 quae
412 489 441 537 et
464 475 640 554 clamorem,
659 491 690 539 et
704 477 947 562 disputationem,
964 494 1003 546 et.
1017 502 1080 545 ser·

131 580 268 638 monem,
284 572 315 621 et
330 559 427 623 flexus
442 561 579 639 habeant,
598 575 630 623 ut
651 562 738 625 simul
758 563 788 625 in
808 565 907 627 omnia
929 587 1077 648 paremur.

131 642 210 708 Hoc
229 644 300 708 satis
320 656 375 709 est.
425 645 550 727 Alioqui
568 646 661 709 nitida
676 648 724 711 illa
739 661 770 710 et
785 664 887 723 curata
902 671 964 712 vox
980 651 1080 715 ineoli-

131 743 196 793 tum
211 732 346 794 laborem
357 731 519 809 recusabit,
531 745 563 794 ut
578 732 698 797 assueta
708 734 868 817 gymnasiis
883 752 914 797 et
928 735 998 797 oleo
1013 758 1081 800 cor·

108 828 222 899 epora,
238 816 399 900 quamlibet
415 816 473 879 sint
488 816 517 878 in
532 817 593 891 suis
609 818 819 882 certaminibus
838 818 977 902 speciosa
992 835 1081 904 atque

130 902 265 980 robusta,
283 901 308 965 si
330 901 454 964 militare
475 902 541 980 iter,
558 900 731 988 fascemque
755 918 786 967 et
800 904 912 988 vigilias
936 905 1078 989 imperes,

130 986 285 1064 deficiant,
303 1000 333 1049 et
360 1001 500 1071 quaerant
526 1002 667 1052 unctores
694 1012 776 1066 suos,
793 991 964 1074 nudumque
990 992 1080 1055 sudo·

129 1092 206 1135 rem.
256 1070 312 1134 Illa
328 1072 449 1156 quidem
468 1073 496 1135 in
518 1074 577 1137 hoc
594 1097 687 1158 opere
702 1075 836 1159 praecipi
852 1076 917 1159 quis
933 1074 1019 1155 serat,
1036 1077 1079 1139 vi-

128 1158 240 1221 tandos
256 1158 335 1220 soles
351 1171 439 1242 atque
455 1172 573 1237 ventos,
586 1175 616 1222 et
630 1160 728 1222 nubila
744 1161 834 1223 etiam
850 1182 885 1224 ac
902 1162 1080 1225 siccitates?

8 1254 9 1259 ’
96 1257 120 1295 1⁰
129 1240 177 1305 lta
195 1244 222 1306 si
239 1243 399 1307 dicendum
415 1244 444 1306 in
460 1244 535 1321 sole,
553 1259 603 1306 aut
617 1258 756 1319 ventoso,
768 1244 903 1323 humido,
915 1245 1016 1307 calido
1031 1246 1079 1307 die

128 1325 232 1405 luerit,
249 1350 318 1391 reos
335 1329 509 1392 deseremus
527 1329 539 1389 ?
584 1328 663 1392 Nam
680 1329 805 1391 crudum
820 1329 953 1411 quidem,
967 1344 1018 1391 aut
1032 1351 1079 1393 sa·

128 1426 243 1492 turum,
261 1428 311 1477 aut
335 1414 461 1493 ebrium,
478 1428 528 1477 aut
550 1412 652 1499 ejecto
676 1413 768 1476 modo
788 1413 914 1490 vomitu,
931 1435 1007 1497 quae
1029 1436 1079 1478 ca·

128 1500 230 1567 venda
261 1499 382 1583 quidam
411 1514 545 1578 monent,
573 1500 744 1563 declamare
774 1498 935 1577 neminem,
961 1500 1011 1584 qui
1042 1501 1080 1564 sit

127 1584 241 1647 mentis
257 1605 395 1668 compos,
413 1600 497 1670 puto.

96 1696 121 1735 11
176 1670 256 1733 Illud
271 1691 329 1732 non
352 1670 415 1733 sino
434 1694 524 1735 causa
545 1685 591 1734 est
610 1672 649 1735 ab
663 1672 801 1735 omnibus
823 1688 1030 1756 praeceptum,
1046 1687 1080 1735 ut

127 1770 271 1839 parcatur
286 1756 415 1819 maxime
430 1757 500 1819 voci
516 1757 545 1817 in
561 1757 610 1819 illo
626 1778 644 1818 a
660 1757 784 1839 pueritia
799 1756 829 1816 in
844 1756 1079 1820 adolescentiam

128 1841 268 1919 11111111,
292 1841 361 1925 quia
390 1841 559 1905 naturaliter
588 1841 759 1923 impeditur,
784 1859 854 1915 non,
878 1851 912 1900 ut
938 1839 1076 1916 arbitror,

128 1940 259 2010 propter
287 1926 431 2005 calorem,
451 1926 533 2009 quod
563 1925 682 2009 quidam
713 1935 890 2007 putaverunt
902 1943 911 1999 3
934 1944 1003 1986 nam
1033 1938 1079 1987 est

7 2066 9 2097 ,
127 2010 229 2096 major
251 2012 347 2088 alias3
371 2014 425 2075 sed
447 2032 503 2097 pro
526 2025 571 2074 ter
596 2011 752 2073 humorem
778 2008 902 2092 potius3
925 2031 994 2073 nam
1018 2011 1077 2073 hoc

94 2111 215 2162 maetas
231 2096 279 2162 illa
296 2098 447 2182 turgescit.
477 2032 603 2183 -llaque
624 2119 709 2160 nares
731 2095 833 2174 etiam,
850 2117 886 2159 ac
901 2111 1021 2181 pectus,
1039 2119 1077 2161 eo

127 2197 270 2267 tempore
295 2197 421 2262 tument,
439 2199 527 2267 atque
554 2184 654 2245 omnia
681 2182 761 2244 velut
786 2181 962 2262 germinant,
979 2203 1076 2264 eoque

127 2283 200 2334 sunt
215 2282 316 2332 tenera
333 2283 363 2332 et
378 2269 501 2352 injuriae
517 2266 659 2328 obnoxia.

179 2353 256 2433 Sed,
270 2368 302 2417 ut
317 2354 354 2416 ad
371 2352 555 2437 propositum
572 2350 704 2424 redeam,
717 2346 782 2430 jam
797 2346 988 2409 confirmatae
1004 2368 1076 2410 con·

128 2439 310 2524 stitutaeque
336 2438 421 2501 vocis
448 2456 540 2518 genus
566 2431 789 2496 exercitationis
816 2430 959 2513 optimum
983 2433 1075 2511 duco,

95 2526 215 2610 acquod
238 2539 285 2588 est
307 2522 390 2607 operi
418 2519 608 2594 simillimum,
627 2518 729 2584 dicere
752 2515 898 2602 quotidie,
915 2516 993 2580 sicut
1015 2518 1076 2600 agi·

127 2633 209 2674 mus.
256 2608 394 2688 Namque
412 2606 471 2668 hoc
492 2606 584 2669 modo
603 2627 662 2667 non
678 2626 740 2668 vox
758 2618 870 2667 tantum
886 2603 1077 2667 confirmatur

131 2709 163 2758 et
185 2694 273 2768 latus,
290 2692 344 2753 sed
367 2691 456 2754 etiam
479 2691 614 2774 corporis
638 2691 750 2754 decens
773 2704 804 2753 et
829 2691 1075 2754 accommodatus

131 2776 258 2842 orationi
276 2790 373 2840 motus
389 2777 587 2862 componitur.

174 2863 245 2927 Non
261 2862 317 2926 alia
332 2877 378 2927 est
392 2877 491 2927 autem
507 2864 581 2928 ratio
598 2861 861 2950 pronunciationis,
878 2884 967 2945 quam
982 2862 1075 2945 ipsius

96 2949 283 3014 adorationis.
330 2949 410 3012 Nam
427 2963 458 3012 ut
472 2950 520 3012 illa
536 2951 705 3024 emendata,
722 2947 864 3020 dilucida,
880 2960 995 3021 ornata,
1007 2960 1076 3026 apta

132 3058 199 3100 esse
216 3033 306 3095 debet
322 3054 329 3092 ε
353 3035 393 3094 ita
407 3034 484 3094 haec
500 3053 619 3113 quoque
635 3030 791 3093 emendata
807 3027 874 3100 erit,
888 3026 918 3086 id
934 3039 991 3100 est,
1002 3027 1076 3087 vitio

131 3117 258 3193 carebit,
276 3116 300 3178 si
316 3114 403 3177 fuerit
417 3137 452 3177 os
468 3113 566 3190 facile,
585 3115 786 3197 explanatum,
800 3108 978 3191 jucundum,
989 3108 1075 3172 urba·

130 3222 214 3279 num,
233 3200 263 3261 id
284 3213 340 3274 est,
358 3199 388 3260 in
403 3220 462 3283 quo
484 3199 562 3260 nulla
584 3217 682 3280 neque
702 3193 850 3256 rusticitas
871 3212 968 3276 neque
988 3215 1075 3277 pere·

132 3286 252 3374 grinitas
275 3297 405 3347 resonet.
452 3281 522 3345 Non
546 3283 624 3346 enirn
647 3281 711 3344 siue
734 3300 825 3344 causa
845 3277 1074 3346 1111111111νό1-

101 3393 202 3436 11111
224 3371 418 3434 Graecumue.
465 3366 544 3432 Nam
565 3369 645 3432 sonis
662 3366 808 3444 heminae,
826 3378 859 3428 ut
872 3387 941 3428 aera
957 3366 1073 3444 tinnitu,

134 3455 345 3543 dignoscimus.
393 3453 440 3517 Ita
462 3455 512 3517 liet
530 3455 612 3532 illud,
630 3453 709 3537 quod
733 3451 849 3516 Ennius
870 3453 987 3536 probat,
1006 3474 1074 3515 cum

134 3544 206 3608 dicit
216 3540 436 3625 suauiloquenti
448 3559 497 3602 ore
514 3539 680 3622 Cethegum
686 3536 786 3620 sciere
802 3561 812 3600 .·
833 3559 892 3601 non
907 3537 988 3621 quod
1000 3535 1074 3597 Cic-

133 3651 185 3694 ero
212 3628 242 3690 in
268 3627 312 3690 his
339 3625 541 3710 reprehendit,
564 3647 639 3712 quos
665 3625 705 3689 ait
731 3628 857 3700 latrare,
879 3641 940 3683 ooo
969 3639 1070 3708 ogere.

368 3715 428 3776 16*
