2459 4200
350 263 503 310 snnncrs
520 263 671 318 wasers
687 267 824 314 casura.
1010 255 1074 319 lca

131 435 211 493 umus,
227 435 347 478 moram
361 435 481 514 semper
498 437 553 500 per
570 437 605 481 se
619 417 719 484 hahet.
765 415 889 504 Optima
907 421 1074 520 praecedet

128 521 195 564 curn
211 501 356 578 creticus,
374 513 406 564 ut
425 523 456 564 ur
475 502 546 579 hoc,
563 502 612 566 De
627 524 689 586 pua
709 523 764 587 ega
786 505 867 570 mihil
881 505 993 587 dtcam,
1010 505 1073 572 mici

126 585 299 668 depellendi
316 586 457 650 criminis
472 608 575 650 causa.
622 587 700 654 Illud
717 606 774 668 est,
791 591 873 674 quod
890 613 979 675 supra
995 589 1070 670 dixi,

127 672 253 735 multum
274 669 398 749 referre,
416 693 513 736 unone
536 674 630 737 verbo
651 673 709 738 sint
730 675 791 740 duo
854 675 909 740 des
932 697 1071 762 compre·

106 755 227 833 shensi,
243 778 279 820 an
296 770 421 840 uterque
439 757 525 820 liber.
575 758 631 824 Sic
652 760 733 823 euim
754 761 787 824 fit
820 775 899 839 orte,
921 759 1072 824 Criminis

116 859 248 928 'causer
278 842 380 918 molle,
409 841 653 925 Archipiratae:
687 845 817 924 mollius,
849 845 875 909 si
904 845 1072 930 tribrachys

127 925 302 1010 praecedat,
311 924 495 1008 facilitates,
512 930 701 993 temeritates.
747 929 807 994 Est
826 930 906 995 enim
921 932 1073 1015 quoddam

126 1011 154 1074 in
170 1012 236 1096 ipsa
252 1012 400 1076 divisione
420 1013 580 1078 verborum
601 1015 697 1079 latens
717 1028 848 1100 tempus,
864 1030 896 1081 ut
915 1015 945 1080 in
965 1031 1069 1102 penta·

126 1097 213 1160 metri
232 1097 334 1160 medio
355 1099 504 1180 spondeo,
521 1099 570 1182 qui
592 1101 647 1164 nisi
669 1100 790 1166 alterius
812 1102 896 1166 verbi
911 1102 981 1180 fine,
998 1102 1071 1166 alte·

95 1181 187 1246 rarius
201 1181 285 1246 initio
301 1196 431 1259 constat,
447 1205 567 1247 versum
587 1207 648 1248 non
666 1186 769 1248 efficit.
816 1185 938 1264 Potest,
956 1185 1071 1250 etiarnsi

126 1267 224 1330 minus
235 1267 324 1344 hene,
336 1268 479 1351 praeponi
489 1285 680 1352 anapaestus,
688 1270 826 1332 Muliere
839 1291 901 1332 mam
911 1271 1009 1332 solam
1018 1291 1071 1332 aa·

127 1351 196 1429 dili,
211 1373 315 1416 uerum
330 1353 421 1416 etiam
438 1363 520 1416 muts.
570 1353 654 1417 Tum
675 1369 852 1438 anapaestus
874 1368 905 1419 et
927 1353 1069 1435 creticus,

125 1437 244 1502 iambus
274 1459 406 1522 quoque,
423 1439 473 1522 qui
502 1453 549 1502 ast
579 1439 607 1503 in
635 1453 772 1524 unoque,
789 1441 845 1504 sed
869 1440 925 1504 illis
950 1440 1069 1504 minor:

124 1524 290 1606 praecedet
306 1525 385 1586 enim
400 1538 461 1588 tres
476 1524 578 1608 longas
593 1525 705 1590 brevis.
743 1524 787 1590 Et
802 1527 954 1610 spondeus
969 1525 1069 1590 iambo

92 1623 209 1672 soracte
225 1608 428 1693 praeponitur,
441 1609 551 1674 lisdem
565 1611 600 1674 im
614 1608 782 1693 urmissui.
821 1611 903 1676 Tum
918 1635 933 1678 s
974 1614 1070 1679 udeus

123 1708 154 1757 et
169 1694 339 1758 bacchius:
363 1694 408 1757 sic
427 1695 506 1758 enim
529 1696 579 1758 fiet
601 1697 719 1760 ultimus
734 1697 903 1774 dochmius,
938 1719 961 1761 m
976 1697 1071 1779 amris

121 1779 232 1842 iisdem
239 1777 306 1861 sai.
353 1778 406 1842 Ex
429 1780 475 1856 iis,
489 1802 565 1863 quae
588 1803 677 1864 supra
700 1782 837 1864 probavi,
851 1795 988 1863 apparet,
1005 1802 1070 1844 mo·

123 1865 231 1928 lossou
245 1885 362 1948 quoque
378 1865 526 1929 clausulae
542 1867 715 1942 conuenire,
733 1867 804 1929 dum
818 1865 926 1928 haheat
941 1886 980 1928 ex
995 1886 1070 1949 quo·

125 1969 245 2032 cunque
262 1951 337 2034 pede
353 1965 421 2014 ante
436 1972 470 2014 se
485 1951 620 2014 brevem.
668 1951 753 2014 lllad
766 1951 889 2028 scimm,
900 1950 1071 2036 umcaaprte

90 2044 206 2114 usual,
220 2055 279 2098 esse
290 2056 349 2119 pro
363 2036 461 2099 mobis.
509 2035 610 2101 Minus
625 2037 723 2121 gravis
738 2037 793 2102 erit
808 2037 971 2123 spondeus,
983 2059 1070 2123 prae·

124 2122 254 2186 cedema
270 2122 441 2206 pyrrhichio
456 2144 464 2185 ι
488 2138 530 2200 ut,
542 2122 664 2199 Jadicii
676 2122 834 2189 Jumiami:
857 2140 888 2187 et
902 2126 1001 2189 adhuc
1016 2146 1070 2207 pe·

122 2207 1072 2377 {titltttlttlt‘yttitttltltlaltsttt¹1:33

125 2377 190 2442 fere
216 2378 302 2463 jungi
328 2379 498 2462 patiuntur:
521 2399 597 2461 quae
624 2377 654 2439 in
677 2398 767 2439 versu
790 2395 910 2460 quoque
934 2374 1071 2439 notabilis

90 2464 260 2527 astamus
284 2478 342 2540 est,
359 2464 415 2527 nisi
438 2486 507 2527 cunr
531 2464 561 2526 id
585 2462 650 2525 fieri
681 2475 780 2545 potest
809 2482 850 2523 ex
879 2458 972 2523 tribus
988 2461 1072 2543 quasi

125 2548 295 2613 memhris:
324 2548 441 2612 Corde
459 2546 601 2632 perfugis
622 2548 733 2611 austrie
750 2547 855 2631 capias
872 2554 1026 2630 comparat
1045 2546 1073 2610 is

124 2644 235 2699 contra
260 2634 347 2697 moal
369 2657 426 2699 uua
456 2634 580 2717 syllaba,
598 2634 725 2712 duabus,
741 2656 810 2699 una.
856 2632 906 2697 Ne
935 2632 1071 2718 dactylus

126 2720 250 2803 quidem
277 2721 414 2805 spondeo
439 2721 515 2783 bene
542 2719 744 2804 praeponitur,
760 2720 830 2804 quia
854 2720 944 2784 finem
967 2742 1072 2784 versus

126 2806 305 2869 damnamus
329 2805 359 2868 in
385 2806 443 2869 fine
468 2805 619 2869 orationis.
667 2805 821 2872 Bacchius
845 2819 876 2869 et
900 2805 1024 2883 claudit,
1041 2818 1072 2869 et

90 2890 185 2953 nasibi
197 2890 341 2976 juugitur,
366 2892 518 2955 Venenum
532 2892 673 2953 timeres:
695 2892 744 2956 vel
762 2893 919 2968 choreum,
936 2905 966 2953 et
981 2912 1072 2973 spon·

127 2976 219 3039 deum
231 2990 299 3039 ante
311 2990 391 3041 amat
406 2997 414 3037 ι
438 2992 470 3039 ut
485 2977 637 3040 Vem'emum
648 2978 776 3038 timeres.
810 2974 986 3036 Contrarias
998 2994 1072 3053 quo·

37 3136 41 3142 θ
127 3082 189 3144 que
210 3061 261 3143 qui
285 3077 341 3138 est,
358 3061 471 3139 cludet,
488 3062 543 3124 nisi
564 3061 589 3123 si
607 3060 740 3122 nltimam
758 3059 877 3137 longam
901 3076 970 3115 esse
989 3055 1072 3117 volu-

129 3164 224 3207 mus:
247 3147 417 3231 optimeque
438 3146 559 3211 habehit
576 3158 645 3207 ante
665 3164 699 3206 se
723 3140 887 3215 molosson,
909 3135 995 3199 Ciuis
1010 3137 1072 3203 ao·

129 3248 242 3293 mauras
256 3251 320 3293 sam
331 3254 342 3310 3
365 3246 415 3295 aut
432 3230 601 3307 bacchium,
626 3227 717 3305 Quod
738 3226 789 3289 hic
807 3232 915 3310 potest,
931 3244 986 3288 aas
1003 3246 1073 3311 pot·

94 3334 237 3379 ammas.
288 3316 354 3382 Sed
368 3317 467 3381 verius
483 3316 539 3379 erit
553 3316 693 3379 claudere
709 3313 852 3377 choreum
872 3314 1074 3399 praecedente

129 3402 278 3485 spondeo.
317 3402 398 3467 Nam
412 3402 461 3465 hic
477 3401 575 3484 potius
590 3415 637 3465 est
651 3415 802 3480 numerus,
812 3400 886 3465 Nos
896 3419 1074 3484 possemus:

130 3488 350 3563 et,1lumaaas
364 3509 440 3551 sum.
731 3529 735 3551 .

174 3570 307 3637 Claudat
317 3588 349 3639 et
360 3573 531 3650 dichoreus,
545 3570 576 3634 id
587 3585 635 3635 est
645 3592 700 3657 pes
711 3573 767 3638 sibi
778 3572 844 3658 ipse
850 3571 1002 3656 jungetur,
1013 3582 1073 3647 quo
