2459 4200
338 283 492 332 sensere
509 283 662 338 suanm
674 285 813 334 osenna.
997 274 1061 338 101

160 437 297 500 inrisum
317 437 471 520 (quantum
492 457 562 500 mea
582 434 640 501 lert
659 437 777 523 opinio)
795 451 852 504 ent
871 459 978 505 morus
999 461 1062 506 non

113 524 238 606 expleto
268 543 395 586 numero
425 524 611 598 conclusus;
641 523 792 608 plerisque
821 546 890 608 pars
919 527 1058 592 membri.

116 608 196 672 Tale
220 624 269 672 est
290 608 382 681 enim,
399 629 460 692 quo
476 607 590 670 Cicero
605 608 706 685 utitur,
722 609 842 673 marae
855 611 912 674 tibi
925 611 1060 678 mosot

114 705 146 756 at
168 695 310 756 bolebec.
359 694 499 757 Pecunia
528 694 720 776 superabat?
749 704 782 758 ot
802 695 922 777 «ζώω.
968 696 996 759 F
998 697 1061 764 iuot

93 793 217 842 rentem
232 780 321 842 etiam
336 779 456 862 singulis
471 779 570 843 verbis
591 779 697 858 incisa,
713 780 871 860 Dicimur,
888 790 972 844 roro
985 783 1061 848 dm

113 865 277 928 velumus:
299 865 426 928 incisum
442 879 499 940 eet,
517 863 659 928 dicimos.
1087 923 1094 929 .

156 950 335 1012 Membrone
350 963 450 1014 autem
466 965 511 1012 esr
527 972 631 1014 sensus
645 951 777 1014 numeris
788 951 960 1028 conclusus,
971 953 1060 1018 seda

9 1097 10 1100 ,
115 1047 177 1097 toro
190 1057 321 1117 corpore
332 1035 485 1119 abruptos,
499 1050 528 1097 et
541 1057 594 1119 per
605 1057 639 1100 se
650 1036 722 1098 nihil
733 1037 877 1100 efficiens.
911 1036 950 1102 Id
965 1039 1059 1118 enim,

119 1118 148 1180 0
171 1121 302 1183 collidus
331 1121 476 1196 homines,
497 1119 664 1204 perlectum
687 1136 759 1185 est:
780 1124 847 1200 sed,
864 1140 1011 1188 remotum
1040 1145 1059 1190 a

9 1211 10 1260 ἓ
82 1205 237 1282 resecetis,
250 1205 310 1268 vim
326 1206 489 1268 nonhabet
506 1226 514 1280 ;
537 1221 568 1268 ut
584 1227 687 1288 perse
702 1228 817 1280 manus,
834 1223 865 1272 et
881 1230 947 1291 pes,
965 1225 996 1273 et
1009 1231 1059 1274 oa-

9 1297 10 1368 j
113 1305 191 1373 put:
215 1305 256 1367 et,
275 1290 379 1353 Orem
394 1292 604 1373 excogitatam.
640 1290 775 1362 Quando
790 1313 862 1374 ergo
877 1293 981 1375 incipit
991 1315 1059 1358 eor·

9 1393 10 1450 ,
114 1395 171 1458 pus
188 1375 283 1440 esse?
306 1397 376 1440 oum
387 1377 614 1440 venitextrema
627 1375 795 1452 conclusio,
814 1377 924 1453 Quem,
936 1398 1058 1460 quac»,

9 1497 10 1510 κ
112 1471 249 1524 emerem
260 1459 390 1544 sesellit,
404 1462 438 1522 id
455 1481 507 1524 eos
525 1462 570 1524 ito
587 1459 829 1544 essefooturos?
866 1461 969 1534 Quam
982 1465 1059 1530 Cie-

114 1567 166 1608 ero
193 1548 400 1610 brevissimam
423 1562 515 1630 potat.
564 1546 671 1631 Itaque
685 1546 749 1611 lere
764 1547 858 1613 incisa
872 1563 904 1612 et
925 1552 1059 1616 membra

9 1647 10 1670 i
82 1631 208 1696 remixts
223 1647 302 1709 sunt,
320 1648 351 1696 et
366 1633 591 1696 conclusionem
606 1634 708 1717 ntique
723 1634 902 1699 desiderant.

158 1719 292 1781 Periodo
318 1718 442 1801 plurima
466 1718 583 1780 nomina
606 1720 658 1782 dut
679 1718 805 1796 Cicero,
820 1720 979 1796 ambitam,
997 1722 1060 1784 eir·

9 1877 10 1888 χ
113 1803 240 1880 eaiturm
252 1804 553 1886 comprehensionem,
566 1804 833 1880 continuationem,
847 1805 1058 1886 circumscrip-

112 1889 237 1952 tionem.
284 1888 405 1952 Genera
422 1888 487 1972 ejus
503 1889 562 1950 duo
578 1902 668 1950 sunt:
690 1888 815 1950 alterum
830 1888 972 1972 simplex,
987 1910 1059 1954 eran

112 1995 221 2038 sensus
247 1996 321 2038 unus
347 1975 481 2057 longiore
505 1973 619 2036 ambitu
641 1973 897 2050 circumducitur3
919 1974 1057 2056 alterum,

9 2126 10 2131 γ
80 2060 196 2145 eoquod
212 2074 327 2124 constat
342 2059 483 2123 membris
498 2073 530 2122 et
545 2059 658 2137 incisis,
675 2081 752 2144 quea
767 2060 867 2143 plures
885 2081 990 2126 sensns
1004 2062 1059 2127 ha·

9 2134 11 2181 l
113 2147 210 2209 benc:
234 2144 353 2208 Aderat
378 2147 499 2230 janitor
521 2147 666 2223 carceris,
682 2156 710 2207 et
732 2145 872 2228 carnisse
891 2149 1057 2228 praetoria,

113 2232 238 2315 reliqua.
280 2230 384 2295 Habet
395 2232 536 2313 periodos
551 2231 683 2293 membra
699 2231 853 2293 minimum
868 2232 939 2293 duo.
987 2230 1059 2293 Me·

113 2317 180 2379 dius
202 2338 342 2381 numerus
360 2317 496 2380 videntur
511 2330 661 2398 quatuor:
684 2316 739 2377 sed
760 2314 868 2396 recipit
890 2313 1059 2395 frequenter

113 2416 144 2465 et
166 2402 261 2485 plura.
309 2400 421 2465 Modus
445 2402 473 2465 ei
496 2422 512 2463 a
536 2400 690 2463 Cicerone
713 2412 763 2461 eut
786 2412 911 2494 quatuor
934 2398 1058 2465 senariis

9 2548 11 2561 ,
80 2488 261 2562 senensibus,
279 2502 329 2551 aut
347 2487 439 2569 ipsius
461 2486 579 2569 spiritus
615 2484 709 2547 modo
742 2496 918 2547 terminatus
955 2504 1058 2567 praee·

113 2586 178 2637 rare
194 2574 296 2649 deber,
314 2586 345 2635 nt
360 2592 481 2634 sensum
497 2570 683 2633 concludat:
706 2569 745 2633 sit
759 2583 874 2651 aperta,
891 2582 923 2633 ut
937 2568 1058 2653 intelligi

113 2660 234 2741 possit:
259 2680 318 2721 non
342 2657 514 2732 immodica,
532 2670 564 2719 ut
586 2656 731 2719 memoria
752 2654 909 2719 contineri.
957 2652 1060 2721 Mem·

114 2744 201 2807 brom
217 2744 330 2826 longius
343 2742 437 2829 justo,
455 2743 595 2805 tardum:
620 2740 751 2818 brevius,
769 2740 905 2805 instabile
919 2755 976 2805 est.

160 2826 343 2911 Ubicunque
368 2828 476 2890 acriter
499 2828 566 2903 erit,
585 2828 737 2903 instanter,
758 2827 933 2910 pugnaciter
954 2827 1058 2891 dicen·
1097 2839 1103 2852 ⁸

9 2974 10 2981 ,
80 2916 198 2991 adum,
219 2914 407 2977 membratim
436 2913 607 2997 caesimque
637 2912 783 2975 dicemus.
830 2912 910 2976 Nam
938 2913 999 2975 boo
1029 2913 1059 2977 iu

9 3022 10 3081 j
114 3000 250 3075 oratione
281 3000 438 3083 plurimum
467 3000 569 3062 velet:
596 2998 738 3081 adeoque
766 2999 855 3059 rebus
884 3017 1059 3059 accommo-

113 3086 214 3149 danda
238 3084 430 3168 compositio,
451 3098 481 3147 ut
511 3083 625 3168 asperis
654 3103 779 3169 asperos
802 3080 893 3142 etiam
917 3098 1060 3141 numeros

66 3218 68 3223 ,
113 3170 252 3233 adbiberi
266 3184 413 3252 oporteat,
431 3184 462 3231 et
482 3178 551 3231 'cum
570 3169 691 3231 dicente
713 3186 809 3247 aeque
831 3162 999 3227 audientem
1014 3161 1058 3225 in·

113 3256 304 3319 horrescere.
363 3253 556 3317 Membratim
586 3254 761 3337 plerumque
791 3248 984 3327 narrabimus,
1009 3262 1061 3319 aut

81 3341 194 3425 scipsas
211 3340 353 3423 periodos
377 3338 538 3424 majoribus
560 3338 731 3414 intervallis,
749 3350 780 3399 et
798 3336 879 3400 velut
895 3336 1060 3403 laxioribus

114 3428 202 3491 nodis
225 3427 436 3489 resolvemus:
459 3424 596 3505 exceptis
619 3444 697 3505 quae
721 3445 780 3485 non
803 3422 932 3487 docendi
954 3424 1058 3507 gratia,

77 3550 80 3555 ·
115 3514 170 3577 uod
192 3512 317 3575 ornandi
338 3528 490 3574 narrantur
507 3531 514 3570 ε
538 3521 570 3571 nt
585 3507 614 3569 io
630 3508 762 3571 Verrem
776 3509 978 3592 Proserpinae
992 3526 1059 3588 rap·

115 3611 175 3661 tus.
221 3596 315 3663 Haec
329 3597 411 3661 enim
426 3595 500 3659 lenis
515 3608 547 3659 et
562 3594 657 3657 fluens
670 3608 832 3663 contextos
847 3596 947 3660 decer.
