2459 4200
149 289 212 350 184
435 299 471 342 u.
493 299 587 343 stau
606 297 831 350 susurramus

147 469 193 521 est
206 449 327 538 reperiri
344 450 456 535 aliquid
472 471 488 513 a
503 450 601 528 nobis,
619 450 701 534 quod
719 463 787 513 ante
802 472 862 514 nou
877 447 992 514 fuerit?
1025 447 1090 512 Au

146 541 187 604 illi
206 537 295 601 rudes
318 535 382 599 sola
405 536 511 599 mentis
527 549 630 599 natura
652 535 734 600 ducti
757 551 824 599 sunt
843 536 873 598 in
890 537 961 613 hoc,
977 547 1009 598 ut
1028 547 1090 598 tam
1150 571 1154 584 .

145 623 236 688 multa
252 636 439 706 generarent,
457 642 511 684 nos
527 622 564 684 ad
580 622 784 704 quaerendum
803 643 863 684 non
881 643 920 684 eo
935 621 1001 706 ipso
1016 641 1090 682 con·

146 709 284 784 citamur,
303 707 383 791 quod
404 721 487 771 certe
502 707 615 770 scimus
636 707 785 768 invenisse
806 728 873 785 eos,
890 707 940 790 qui
954 705 1092 789 quaesie-

145 793 240 858 runt?
284 791 327 854 Et
343 815 412 856 cum
427 792 479 870 illi,
491 792 540 876 qui
556 792 667 855 nullum
682 790 857 876 cujusquam
869 792 913 854 rei
928 793 1116 854 habuerunto

147 879 331 964 magistmm,
349 878 473 962 plurima
499 877 529 940 in
551 891 688 962 posteros
712 876 895 954 tradiderint,
912 876 999 940 nobis
1022 897 1093 939 usus

147 964 269 1027 aliarum
284 985 381 1026 rerum
397 963 434 1025 ad
450 963 595 1025 eruendas
614 963 686 1024 alias
708 983 769 1022 non
788 963 932 1045 proderit,
949 961 1005 1023 sed
1019 961 1095 1024 nihil

147 1047 334 1126 habebimus,
345 1047 400 1110 nisi
415 1043 551 1111 beneficii
568 1047 655 1109 alieni
672 1046 684 1106 ?
706 1047 957 1129 quemadmodum
969 1045 1094 1129 quidam

147 1133 279 1218 pictores
294 1132 323 1194 iu
339 1133 368 1195 id
384 1133 479 1196 solum
496 1133 626 1209 student,
643 1145 675 1193 ut
689 1131 861 1195 describere
876 1131 992 1195 tabulas
1007 1151 1092 1193 men·

149 1218 224 1282 suris
240 1239 276 1282 ac
292 1217 377 1280 lineis
393 1218 499 1281 sciant.
808 1275 811 1284 .
855 1235 859 1240 ’
1102 1239 1130 1280 ro

195 1302 301 1388 Turpe
325 1303 414 1366 etiam
438 1303 508 1366 illud
532 1315 589 1379 est,
607 1314 779 1364 contentum
797 1323 864 1364 esse
884 1300 915 1362 id
934 1301 1090 1385 consequi,

150 1389 232 1472 quod
248 1387 382 1452 imiteris.
429 1387 508 1450 Nam
525 1408 624 1450 rursus
639 1386 709 1469 quid
726 1400 787 1449 erat
801 1385 941 1463 futurum,
958 1385 982 1449 si
1003 1408 1093 1450 nemo

149 1473 215 1556 plus
236 1473 390 1534 effecisset
413 1494 462 1548 eo,
481 1494 570 1554 quem
593 1471 801 1553 sequebatur?
846 1471 928 1533 Nihil
943 1471 973 1533 in
993 1472 1094 1555 poetis

149 1577 184 1620 su
206 1575 238 1617 ra
251 1555 374 1617 Livium
387 1555 599 1618 Andronicum
611 1578 622 1631 ,·
645 1555 716 1617 nibil
728 1556 756 1616 in
769 1556 897 1619 historiis
909 1577 997 1642 supra
1010 1558 1093 1619 Poo-

149 1641 173 1704 o·
196 1659 263 1702 cum
279 1641 405 1702 canales
420 1640 596 1703 haberemus
613 1662 621 1700 :
644 1640 755 1703 ratibus
770 1642 868 1704 adhuc
882 1642 1069 1725 navigaretur
1084 1662 1132 1704 :rs

149 1746 209 1792 nou
224 1740 305 1789 esset
325 1725 450 1810 pictura,
468 1724 522 1788 nisi
538 1746 614 1809 quae
633 1725 726 1788 lineas
750 1726 841 1789 modo
862 1741 1012 1790 extremas
1026 1749 1092 1790 um·

150 1809 235 1890 brae,
251 1833 341 1896 quam
363 1833 491 1894 corpora
515 1811 543 1874 in
566 1811 630 1874 sole
648 1809 801 1889 fecissent,
819 1813 1090 1877 circumscriberet.

152 1893 204 1962 Ac
216 1897 241 1960 si
257 1896 356 1960 omnia
371 1919 564 1980 percenseas,
575 1897 653 1959 nulla
668 1897 706 1959 sit
720 1919 780 1975 ars,
791 1898 885 1981 qualis
900 1898 1019 1961 inventa
1034 1915 1093 1978 est,

150 1999 208 2042 nee
231 1980 307 2042 intra
331 1980 444 2043 initium
472 1982 575 2044 stetit:
600 1981 656 2044 nisi
679 1980 755 2044 forte
780 1997 880 2045 nostra
906 1983 1095 2065 potissimum

150 2077 287 2149 tempora
308 2065 481 2128 damnamus
505 2065 591 2150 hujus
614 2065 806 2145 infelicitatis,
823 2081 857 2131 ut
876 2089 954 2132 nunc
973 2070 1129 2135 demumst

151 2163 269 2213 crescat
284 2149 365 2215 nibil.
413 2150 494 2213 Nihil
510 2166 608 2214 autem
625 2153 737 2215 crescit
751 2154 815 2216 sola
830 2154 1005 2218 imitatione.

195 2235 315 2308 Quodsi
334 2235 481 2321 prioribus
502 2236 634 2323 adjicere
649 2236 694 2301 fas
709 2261 768 2301 non
785 2254 841 2318 est,
859 2242 1011 2323 quomodo
1025 2262 1094 2325 spe-

150 2341 217 2386 rare
239 2344 397 2408 possumus
419 2323 500 2386 illum
520 2338 669 2387 oratorem
688 2324 883 2408 perfectum?
906 2348 974 2388 cum
990 2325 1019 2388 in
1035 2327 1093 2407 his,

151 2428 227 2491 quos
242 2407 390 2471 maximos
406 2410 504 2471 adhuc
520 2410 668 2485 novimus,
681 2432 770 2472 nemo
785 2411 981 2489 sitinventus‚
994 2412 1096 2496 inquo

151 2491 222 2555 nihil
238 2507 286 2554 aut
303 2492 499 2569 desideretur,
517 2508 566 2555 aut
581 2495 824 2576 reprebendatur.
1100 2521 1131 2561 aa

198 2576 263 2640 Sed
279 2576 368 2637 etiam
384 2576 433 2657 qui
454 2598 569 2638 summa
587 2599 645 2639 non
667 2594 821 2661 appetunt,
839 2582 1024 2645 contendere
1038 2604 1094 2666 po·

151 2659 221 2734 tius,
239 2678 328 2739 quam
351 2659 435 2739 sequi
454 2660 574 2722 debent.
623 2660 702 2722 Nam
723 2664 773 2745 qui
796 2666 868 2747 agit,
886 2680 918 2728 ut
941 2668 1023 2750 prior
1044 2669 1093 2747 sit,

150 2740 274 2803 forsitan
298 2741 399 2817 etiam,
417 2742 441 2804 si
463 2764 522 2803 non
545 2745 712 2820 transierit,
721 2750 870 2829 aequabit.
917 2750 998 2813 Eum
1020 2776 1097 2817 vero

150 2844 240 2889 nemo
256 2836 356 2909 potest
370 2846 510 2972 appuare,
523 2827 607 2911 cujus
623 2829 754 2912 vestigiis
771 2832 826 2893 sibi
841 2834 942 2915 utique
957 2835 1096 2901 insisten-

151 2911 223 2973 dum
249 2922 342 2993 putat.
420 2932 526 2973 ecesse
551 2926 597 2975 est
622 2912 713 2992 euim,
731 2937 850 2999 semper
873 2918 912 2981 sit
931 2920 1131 3003 posterior,ao

151 2994 201 3081 qui
220 2994 362 3081 sequitur.

196 3080 290 3146 Adde
305 3083 387 3167 quod
406 3082 579 3169 plerumque
594 3082 708 3148 facilius
729 3102 775 3149 est
795 3087 861 3171 plus
877 3086 990 3166 lacere,
1007 3112 1097 3176 quam
1120 3134 1124 3137 ·

151 3168 243 3231 idem.
292 3168 423 3233 Tantam
444 3170 522 3232 enim
541 3170 745 3235 difficultatem
762 3172 853 3237 habet
873 3174 1046 3255 similitudo,
1064 3192 1096 3244 ut

152 3272 190 3313 ne
206 3252 269 3334 ipsa
285 3254 406 3335 quidem
428 3269 531 3317 natura
552 3256 582 3317 in
604 3257 664 3319 hoc
688 3257 726 3320 im
748 3259 903 3339 evaluerit,
920 3275 952 3324 ut
969 3283 1029 3325 non
1045 3285 1107 3329 res-

153 3334 402 3418 simplicissimae,
417 3360 551 3423 quaeque
566 3362 654 3425 pares
670 3344 800 3407 maxime
815 3346 980 3425 videantur,
993 3348 1129 3434 utiquen

153 3418 323 3483 discrimine
339 3422 438 3505 aliquo
454 3424 668 3489 discernantur.
1226 3427 1227 3436 ¹

198 3502 291 3569 Adde
302 3508 383 3589 quod
395 3506 537 3590 quidquid
554 3511 639 3575 alteri
654 3512 750 3576 simile
766 3527 823 3593 est,
834 3537 962 3581 necesse
977 3532 1024 3582 est
1037 3520 1094 3583 mi·

152 3612 208 3655 nus
223 3589 261 3655 sit
279 3612 328 3671 eo,
345 3591 427 3675 quod
447 3591 586 3673 imitatur,
602 3611 636 3660 ut
657 3598 761 3662 umbra
782 3620 924 3685 corpore,
941 3617 973 3667 st
994 3604 1094 3691 imago
