<?xml version="1.0" encoding="UTF-8"?>
<!DOCTYPE html PUBLIC "-//W3C//DTD XHTML 1.0 Transitional//EN"
    "http://www.w3.org/TR/xhtml1/DTD/xhtml1-transitional.dtd">
<html xmlns="http://www.w3.org/1999/xhtml" xml:lang="en" lang="en">
 <head>
  <title>
</title>
<meta http-equiv="Content-Type" content="text/html;charset=utf-8" />
  <meta name='ocr-system' content='tesseract 3.04.00' />
  <meta name='ocr-capabilities' content='ocr_page ocr_carea ocr_par ocr_line ocrx_word'/>
</head>
<body>
  <div class='ocr_page' id='page_1' title='image "./mfabiiquinctili00aldegoog_0018.png"; bbox 0 0 2459 4200; ppageno 0'>
   <div class='ocr_carea' id='block_1_1' title="bbox 200 281 1011 354">
    <p class='ocr_par' dir='ltr' id='par_1_1' title="bbox 200 281 1011 354">
     <span class='ocr_line' id='line_1_1' title="bbox 200 281 1011 354; baseline 0.001 -10"><span class='ocrx_word' id='word_1_1' title='bbox 200 281 240 346; x_wconf 75' lang='lat'>12</span> <span class='ocrx_word' id='word_1_2' title='bbox 487 288 904 352; x_wconf 76' lang='lat' dir='ltr'>u.rrarroornr1crrnr·</span> <span class='ocrx_word' id='word_1_3' title='bbox 1010 349 1011 354; x_wconf 57' lang='grc'>,</span> 
     </span>
    </p>
   </div>
   <div class='ocr_carea' id='block_1_2' title="bbox 197 400 1215 600">
    <p class='ocr_par' dir='ltr' id='par_1_2' title="bbox 197 400 1215 600">
     <span class='ocr_line' id='line_1_2' title="bbox 197 400 1215 600; baseline -0.003 -84"><span class='ocrx_word' id='word_1_4' title='bbox 197 450 399 600; x_wconf 55' lang='lat' dir='ltr'>ferepexerit,</span> <span class='ocrx_word' id='word_1_5' title='bbox 417 471 481 513; x_wconf 88' lang='lat' dir='ltr'>non</span> <span class='ocrx_word' id='word_1_6' title='bbox 504 451 533 513; x_wconf 88' lang='lat' dir='ltr'>in</span> <span class='ocrx_word' id='word_1_7' title='bbox 555 472 640 516; x_wconf 84' lang='lat' dir='ltr'>suam</span> <span class='ocrx_word' id='word_1_8' title='bbox 662 474 783 539; x_wconf 85' lang='lat' dir='ltr'>quoque</span> <span class='ocrx_word' id='word_1_9' title='bbox 803 452 927 536; x_wconf 75' lang='lat' dir='ltr'>gloriam</span> <span class='ocrx_word' id='word_1_10' title='bbox 950 449 1140 535; x_wconf 70' lang='lat' dir='ltr'>pemrlhriter</span> <span class='ocrx_word' id='word_1_11' title='bbox 1213 400 1215 545; x_wconf 69' lang='lat' dir='ltr'>i</span> 
     </span>
    </p>
   </div>
   <div class='ocr_carea' id='block_1_3' title="bbox 129 535 1214 3677">
    <p class='ocr_par' dir='ltr' id='par_1_3' title="bbox 129 535 1214 3677">
     <span class='ocr_line' id='line_1_3' title="bbox 209 535 1214 620; baseline -0.001 -20"><span class='ocrx_word' id='word_1_12' title='bbox 209 537 320 616; x_wconf 78' lang='lat' dir='ltr'>qvebit.</span> <span class='ocrx_word' id='word_1_13' title='bbox 371 535 435 599; x_wconf 85' lang='lat' dir='ltr'>Sed</span> <span class='ocrx_word' id='word_1_14' title='bbox 458 552 490 598; x_wconf 92' lang='lat' dir='ltr'>ut</span> <span class='ocrx_word' id='word_1_15' title='bbox 512 535 669 620; x_wconf 80' lang='lat' dir='ltr'>fugiendae</span> <span class='ocrx_word' id='word_1_16' title='bbox 692 539 752 601; x_wconf 82' lang='lat' dir='ltr'>sint</span> <span class='ocrx_word' id='word_1_17' title='bbox 772 559 896 620; x_wconf 82' lang='lat' dir='ltr'>magnae</span> <span class='ocrx_word' id='word_1_18' title='bbox 909 537 1052 614; x_wconf 79' lang='lat' dir='ltr'>subolae,</span> <span class='ocrx_word' id='word_1_19' title='bbox 1074 535 1140 620; x_wconf 80' lang='lat' dir='ltr'>(utri</span> <span class='ocrx_word' id='word_1_20' title='bbox 1213 554 1214 617; x_wconf 60' lang='grc' dir='ltr'>ξ</span> 
     </span>
     <span class='ocr_line' id='line_1_4' title="bbox 197 617 1214 708; baseline 0.002 -26"><span class='ocrx_word' id='word_1_21' title='bbox 197 639 238 684; x_wconf 89' lang='lat' dir='ltr'>ne</span> <span class='ocrx_word' id='word_1_22' title='bbox 251 617 307 706; x_wconf 86' lang='lat' dir='ltr'>ipsi</span> <span class='ocrx_word' id='word_1_23' title='bbox 322 622 443 708; x_wconf 88' lang='lat' dir='ltr'>quidem</span> <span class='ocrx_word' id='word_1_24' title='bbox 458 622 500 684; x_wconf 89' lang='lat' dir='ltr'>rei</span> <span class='ocrx_word' id='word_1_25' title='bbox 517 624 674 700; x_wconf 87' lang='lat' dir='ltr'>assentior,</span> <span class='ocrx_word' id='word_1_26' title='bbox 692 624 716 685; x_wconf 89' lang='lat' dir='ltr'>si</span> <span class='ocrx_word' id='word_1_27' title='bbox 730 624 775 700; x_wconf 34' lang='lat' dir='ltr'>ad,</span> <span class='ocrx_word' id='word_1_28' title='bbox 788 623 828 684; x_wconf 82' lang='lat' dir='ltr'>al‘</span> <span class='ocrx_word' id='word_1_29' title='bbox 871 621 1139 700; x_wconf 78' lang='lat' dir='ltr'>emmerito-oua&#39;-</span> <span class='ocrx_word' id='word_1_30' title='bbox 1213 626 1214 633; x_wconf 76' lang='grc'>’</span> 
     </span>
     <span class='ocr_line' id='line_1_5' title="bbox 199 705 1141 791; baseline 0.002 -23"><span class='ocrx_word' id='word_1_31' title='bbox 199 709 336 791; x_wconf 86' lang='lat' dir='ltr'>curritur.)</span> <span class='ocrx_word' id='word_1_32' title='bbox 356 721 529 769; x_wconf 87' lang='lat' dir='ltr'>nontamen</span> <span class='ocrx_word' id='word_1_33' title='bbox 546 709 604 770; x_wconf 92' lang='lat' dir='ltr'>hoc</span> <span class='ocrx_word' id='word_1_34' title='bbox 620 729 659 770; x_wconf 89' lang='lat' dir='ltr'>eo</span> <span class='ocrx_word' id='word_1_35' title='bbox 674 709 765 783; x_wconf 83' lang='lat' dir='ltr'>valet,</span> <span class='ocrx_word' id='word_1_36' title='bbox 782 721 815 769; x_wconf 91' lang='lat' dir='ltr'>ut</span> <span class='ocrx_word' id='word_1_37' title='bbox 842 707 987 790; x_wconf 77' lang='lat' dir='ltr'>ugieudae</span> <span class='ocrx_word' id='word_1_38' title='bbox 1000 705 1141 770; x_wconf 75' lang='lat' dir='ltr'>starum-</span> 
     </span>
     <span class='ocr_line' id='line_1_6' title="bbox 198 789 1214 875; baseline -0.007 -21"><span class='ocrx_word' id='word_1_39' title='bbox 198 792 267 856; x_wconf 89' lang='lat' dir='ltr'>nino</span> <span class='ocrx_word' id='word_1_40' title='bbox 283 789 424 856; x_wconf 87' lang='lat' dir='ltr'>scholae:</span> <span class='ocrx_word' id='word_1_41' title='bbox 438 789 517 855; x_wconf 83' lang='lat' dir='ltr'>aliud</span> <span class='ocrx_word' id='word_1_42' title='bbox 534 807 580 856; x_wconf 91' lang='lat' dir='ltr'>est</span> <span class='ocrx_word' id='word_1_43' title='bbox 595 793 674 855; x_wconf 88' lang='lat' dir='ltr'>euim</span> <span class='ocrx_word' id='word_1_44' title='bbox 688 792 782 854; x_wconf 86' lang='lat' dir='ltr'>vitare</span> <span class='ocrx_word' id='word_1_45' title='bbox 796 791 1092 875; x_wconf 75' lang='lat' dir='ltr'>eas,·aliud2eligere.</span> <span class='ocrx_word' id='word_1_46' title='bbox 1112 829 1125 849; x_wconf 82' lang='lat'>·.</span> <span class='ocrx_word' id='word_1_47' title='bbox 1146 807 1162 848; x_wconf 81' lang='lat' dir='ltr'>o</span> <span class='ocrx_word' id='word_1_48' title='bbox 1213 824 1214 875; x_wconf 64' lang='lat'>,</span> 
     </span>
     <span class='ocr_line' id='line_1_7' title="bbox 242 876 1214 962; baseline 0 -22"><span class='ocrx_word' id='word_1_49' title='bbox 242 878 324 941; x_wconf 87' lang='lat' dir='ltr'>Etsi</span> <span class='ocrx_word' id='word_1_50' title='bbox 341 877 532 941; x_wconf 78' lang='lat' dir='ltr'><strong>refutavimus</strong></span> <span class='ocrx_word' id='word_1_51' title='bbox 550 898 626 960; x_wconf 89' lang='lat' dir='ltr'>quae</span> <span class='ocrx_word' id='word_1_52' title='bbox 645 891 749 940; x_wconf 89' lang='lat' dir='ltr'>contra</span> <span class='ocrx_word' id='word_1_53' title='bbox 764 877 920 955; x_wconf 83' lang='lat' dir='ltr'>dicuutur,</span> <span class='ocrx_word' id='word_1_54' title='bbox 924 876 988 962; x_wconf 87' lang='lat' dir='ltr'>jam</span> <span class='ocrx_word' id='word_1_55' title='bbox 1003 877 1139 962; x_wconf 47' lang='lat' dir='ltr'>explices</span> <span class='ocrx_word' id='word_1_56' title='bbox 1213 944 1214 947; x_wconf 8' lang='grc' dir='ltr'><strong>Ἴ</strong></span> 
     </span>
     <span class='ocr_line' id='line_1_8' title="bbox 198 960 1214 1048; baseline 0 -23"><span class='ocrx_word' id='word_1_57' title='bbox 198 983 276 1041; x_wconf 87' lang='lat' dir='ltr'>mus,</span> <span class='ocrx_word' id='word_1_58' title='bbox 293 963 364 1046; x_wconf 87' lang='lat' dir='ltr'>quid</span> <span class='ocrx_word' id='word_1_59' title='bbox 381 964 436 1048; x_wconf 92' lang='lat' dir='ltr'>ipsi</span> <span class='ocrx_word' id='word_1_60' title='bbox 452 983 621 1045; x_wconf 88' lang='lat' dir='ltr'>sequamur.</span> <span class='ocrx_word' id='word_1_61' title='bbox 670 962 752 1025; x_wconf 82' lang='lat' dir='ltr'><strong>Ante</strong></span> <span class='ocrx_word' id='word_1_62' title='bbox 767 963 885 1039; x_wconf 77' lang='lat' dir='ltr'>omnia,</span> <span class='ocrx_word' id='word_1_63' title='bbox 896 961 1009 1025; x_wconf 82' lang='lat' dir='ltr'>iuturus</span> <span class='ocrx_word' id='word_1_64' title='bbox 1024 961 1142 1042; x_wconf 78' lang='lat' dir='ltr'>orator,</span> <span class='ocrx_word' id='word_1_65' title='bbox 1213 960 1214 985; x_wconf 75' lang='lat'><em>³</em></span> 
     </span>
     <span class='ocr_line' id='line_1_9' title="bbox 199 1047 1142 1132; baseline 0.002 -22"><span class='ocrx_word' id='word_1_66' title='bbox 199 1049 247 1112; x_wconf 91' lang='lat' dir='ltr'>cui</span> <span class='ocrx_word' id='word_1_67' title='bbox 270 1049 300 1110; x_wconf 90' lang='lat' dir='ltr'>in</span> <span class='ocrx_word' id='word_1_68' title='bbox 322 1049 452 1112; x_wconf 83' lang='lat' dir='ltr'>maxima</span> <span class='ocrx_word' id='word_1_69' title='bbox 474 1047 648 1110; x_wconf 79' lang='lat' dir='ltr'>celebritate</span> <span class='ocrx_word' id='word_1_70' title='bbox 658 1062 700 1110; x_wconf 82' lang='lat' dir='ltr'>-et</span> <span class='ocrx_word' id='word_1_71' title='bbox 715 1047 744 1109; x_wconf 91' lang='lat' dir='ltr'>in</span> <span class='ocrx_word' id='word_1_72' title='bbox 759 1048 858 1110; x_wconf 88' lang='lat' dir='ltr'>media</span> <span class='ocrx_word' id='word_1_73' title='bbox 873 1048 1055 1132; x_wconf 86' lang='lat' dir='ltr'>reipublicae</span> <span class='ocrx_word' id='word_1_74' title='bbox 1069 1048 1142 1112; x_wconf 80' lang='lat' dir='ltr'>luce</span> 
     </span>
     <span class='ocr_line' id='line_1_10' title="bbox 199 1132 1144 1218; baseline 0.002 -24"><span class='ocrx_word' id='word_1_75' title='bbox 199 1133 359 1197; x_wconf 90' lang='lat' dir='ltr'>vivendum</span> <span class='ocrx_word' id='word_1_76' title='bbox 382 1147 439 1211; x_wconf 88' lang='lat' dir='ltr'>est,</span> <span class='ocrx_word' id='word_1_77' title='bbox 456 1147 608 1196; x_wconf 84' lang='lat' dir='ltr'>assuescat</span> <span class='ocrx_word' id='word_1_78' title='bbox 626 1132 691 1218; x_wconf 86' lang='lat' dir='ltr'>jam</span> <span class='ocrx_word' id='word_1_79' title='bbox 706 1155 724 1196; x_wconf 92' lang='lat' dir='ltr'>a</span> <span class='ocrx_word' id='word_1_80' title='bbox 738 1146 843 1196; x_wconf 86' lang='lat' dir='ltr'>tenero</span> <span class='ocrx_word' id='word_1_81' title='bbox 865 1145 924 1196; x_wconf 88' lang='lat' dir='ltr'>non</span> <span class='ocrx_word' id='word_1_82' title='bbox 945 1132 1144 1196; x_wconf 72' lang='lat' dir='ltr'>reformidare</span> 
     </span>
     <span class='ocr_line' id='line_1_11' title="bbox 199 1217 1214 1303; baseline -0.003 -23"><span class='ocrx_word' id='word_1_83' title='bbox 199 1219 346 1297; x_wconf 90' lang='lat' dir='ltr'>homines,</span> <span class='ocrx_word' id='word_1_84' title='bbox 364 1240 461 1302; x_wconf 90' lang='lat' dir='ltr'>neque</span> <span class='ocrx_word' id='word_1_85' title='bbox 482 1218 532 1281; x_wconf 92' lang='lat' dir='ltr'>illa</span> <span class='ocrx_word' id='word_1_86' title='bbox 550 1219 679 1282; x_wconf 85' lang='lat' dir='ltr'>solitaria</span> <span class='ocrx_word' id='word_1_87' title='bbox 697 1233 728 1282; x_wconf 93' lang='lat' dir='ltr'>et</span> <span class='ocrx_word' id='word_1_88' title='bbox 742 1217 984 1282; x_wconf 76' lang='lat' dir='ltr'>velutumbrbtili</span> <span class='ocrx_word' id='word_1_89' title='bbox 999 1219 1060 1282; x_wconf 86' lang='lat' dir='ltr'>vita</span> <span class='ocrx_word' id='word_1_90' title='bbox 1075 1219 1177 1303; x_wconf 66' lang='lat' dir='ltr'>palato</span> <span class='ocrx_word' id='word_1_91' title='bbox 1213 1228 1214 1277; x_wconf 68' lang='grc' dir='ltr'><strong>ἱ</strong></span> 
     </span>
     <span class='ocr_line' id='line_1_12' title="bbox 199 1296 1214 1386; baseline 0.001 -19"><span class='ocrx_word' id='word_1_92' title='bbox 199 1303 326 1368; x_wconf 85' lang='lat' dir='ltr'>lescere.</span> <span class='ocrx_word' id='word_1_93' title='bbox 382 1303 552 1368; x_wconf 85' lang='lat' dir='ltr'>Excitanda</span> <span class='ocrx_word' id='word_1_94' title='bbox 584 1303 729 1368; x_wconf 71' lang='lat' dir='ltr'>mensfet.</span> <span class='ocrx_word' id='word_1_95' title='bbox 748 1306 913 1368; x_wconf 72' lang='lat' dir='ltr'>attollenda.</span> <span class='ocrx_word' id='word_1_96' title='bbox 935 1326 1055 1386; x_wconf 84' lang='lat' dir='ltr'>semper</span> <span class='ocrx_word' id='word_1_97' title='bbox 1073 1319 1141 1384; x_wconf 84' lang='lat' dir='ltr'>est,</span> <span class='ocrx_word' id='word_1_98' title='bbox 1213 1296 1214 1373; x_wconf 79' lang='lat' dir='ltr'>l</span> 
     </span>
     <span class='ocr_line' id='line_1_13' title="bbox 199 1389 1214 1474; baseline 0.001 -23"><span class='ocrx_word' id='word_1_99' title='bbox 199 1391 320 1473; x_wconf 82' lang='lat' dir='ltr'>quaein</span> <span class='ocrx_word' id='word_1_100' title='bbox 341 1391 511 1474; x_wconf 90' lang='lat' dir='ltr'>hujusmodi</span> <span class='ocrx_word' id='word_1_101' title='bbox 532 1391 657 1454; x_wconf 88' lang='lat' dir='ltr'>secretis</span> <span class='ocrx_word' id='word_1_102' title='bbox 675 1404 725 1452; x_wconf 89' lang='lat' dir='ltr'>aut</span> <span class='ocrx_word' id='word_1_103' title='bbox 743 1389 1147 1474; x_wconf 74' lang='lat' dir='ltr'>languescit,.et.queudarq</span> <span class='ocrx_word' id='word_1_104' title='bbox 1213 1402 1214 1471; x_wconf 49' lang='lat' dir='ltr'>J</span> 
     </span>
     <span class='ocr_line' id='line_1_14' title="bbox 199 1470 1144 1558; baseline 0.002 -24"><span class='ocrx_word' id='word_1_105' title='bbox 199 1474 280 1535; x_wconf 82' lang='lat' dir='ltr'>velut</span> <span class='ocrx_word' id='word_1_106' title='bbox 303 1475 332 1534; x_wconf 90' lang='lat' dir='ltr'>in</span> <span class='ocrx_word' id='word_1_107' title='bbox 348 1491 452 1558; x_wconf 75' lang='lat' dir='ltr'>&#39;opaco</span> <span class='ocrx_word' id='word_1_108' title='bbox 473 1474 561 1536; x_wconf 90' lang='lat' dir='ltr'>situm</span> <span class='ocrx_word' id='word_1_109' title='bbox 585 1475 679 1549; x_wconf 87' lang='lat' dir='ltr'>ducit,</span> <span class='ocrx_word' id='word_1_110' title='bbox 703 1486 757 1535; x_wconf 83' lang='lat' dir='ltr'>aut.</span> <span class='ocrx_word' id='word_1_111' title='bbox 774 1485 878 1534; x_wconf 83' lang='lat' dir='ltr'>conua</span> <span class='ocrx_word' id='word_1_112' title='bbox 900 1470 1040 1533; x_wconf 87' lang='lat' dir='ltr'>tumescit</span> <span class='ocrx_word' id='word_1_113' title='bbox 1061 1472 1144 1536; x_wconf 81' lang='lat' dir='ltr'>inani</span> 
     </span>
     <span class='ocr_line' id='line_1_15' title="bbox 198 1555 1142 1640; baseline 0.001 -19"><span class='ocrx_word' id='word_1_114' title='bbox 198 1558 414 1640; x_wconf 75' lang='lat' dir='ltr'>persuasione:</span> <span class='ocrx_word' id='word_1_115' title='bbox 448 1579 575 1621; x_wconf 89' lang='lat' dir='ltr'>necesse</span> <span class='ocrx_word' id='word_1_116' title='bbox 605 1571 652 1620; x_wconf 93' lang='lat' dir='ltr'>est</span> <span class='ocrx_word' id='word_1_117' title='bbox 681 1556 760 1618; x_wconf 86' lang='lat' dir='ltr'>enim</span> <span class='ocrx_word' id='word_1_118' title='bbox 785 1556 843 1620; x_wconf 87' lang='lat' dir='ltr'>sibi</span> <span class='ocrx_word' id='word_1_119' title='bbox 868 1555 990 1618; x_wconf 87' lang='lat' dir='ltr'>nimium</span> <span class='ocrx_word' id='word_1_120' title='bbox 1004 1556 1142 1638; x_wconf 69' lang='lat' dir='ltr'>tribuat,</span> 
     </span>
     <span class='ocr_line' id='line_1_16' title="bbox 199 1639 1176 1726; baseline 0.003 -21"><span class='ocrx_word' id='word_1_121' title='bbox 199 1642 248 1725; x_wconf 86' lang='lat' dir='ltr'>qui</span> <span class='ocrx_word' id='word_1_122' title='bbox 265 1665 303 1706; x_wconf 90' lang='lat' dir='ltr'>se</span> <span class='ocrx_word' id='word_1_123' title='bbox 313 1643 423 1706; x_wconf 88' lang='lat' dir='ltr'>nemini</span> <span class='ocrx_word' id='word_1_124' title='bbox 439 1657 603 1726; x_wconf 89' lang='lat' dir='ltr'>comparat.</span> <span class='ocrx_word' id='word_1_125' title='bbox 651 1641 776 1705; x_wconf 88' lang='lat' dir='ltr'>Deinde</span> <span class='ocrx_word' id='word_1_126' title='bbox 791 1663 860 1704; x_wconf 91' lang='lat' dir='ltr'>cum</span> <span class='ocrx_word' id='word_1_127' title='bbox 878 1639 1057 1726; x_wconf 83' lang='lat' dir='ltr'>proferenda</span> <span class='ocrx_word' id='word_1_128' title='bbox 1071 1658 1176 1715; x_wconf 69' lang='lat' dir='ltr'>suntrs</span> 
     </span>
     <span class='ocr_line' id='line_1_17' title="bbox 200 1726 1214 1812; baseline -0.005 -22"><span class='ocrx_word' id='word_1_129' title='bbox 200 1728 307 1807; x_wconf 86' lang='lat' dir='ltr'>studia,</span> <span class='ocrx_word' id='word_1_130' title='bbox 325 1728 432 1812; x_wconf 81' lang='lat' dir='ltr'>caligat</span> <span class='ocrx_word' id='word_1_131' title='bbox 454 1729 483 1790; x_wconf 89' lang='lat' dir='ltr'>in</span> <span class='ocrx_word' id='word_1_132' title='bbox 506 1728 581 1806; x_wconf 88' lang='lat' dir='ltr'>sole,</span> <span class='ocrx_word' id='word_1_133' title='bbox 600 1743 631 1790; x_wconf 92' lang='lat' dir='ltr'>et</span> <span class='ocrx_word' id='word_1_134' title='bbox 651 1727 750 1790; x_wconf 85' lang='lat' dir='ltr'>omnia</span> <span class='ocrx_word' id='word_1_135' title='bbox 773 1748 851 1790; x_wconf 90' lang='lat' dir='ltr'>nova</span> <span class='ocrx_word' id='word_1_136' title='bbox 872 1726 1142 1812; x_wconf 59' lang='lat' dir='ltr'>offendit„ut..quj</span> <span class='ocrx_word' id='word_1_137' title='bbox 1213 1752 1214 1785; x_wconf 84' lang='lat'>1</span> 
     </span>
     <span class='ocr_line' id='line_1_18' title="bbox 140 1812 1214 1900; baseline 0 -24"><span class='ocrx_word' id='word_1_138' title='bbox 140 1883 145 1892; x_wconf 49' lang='lat'>,</span> <span class='ocrx_word' id='word_1_139' title='bbox 200 1813 279 1876; x_wconf 88' lang='lat' dir='ltr'>solus</span> <span class='ocrx_word' id='word_1_140' title='bbox 296 1813 444 1900; x_wconf 80' lang='lat' dir='ltr'>didicerit,</span> <span class='ocrx_word' id='word_1_141' title='bbox 462 1813 542 1898; x_wconf 92' lang='lat' dir='ltr'>quod</span> <span class='ocrx_word' id='word_1_142' title='bbox 558 1813 635 1876; x_wconf 89' lang='lat' dir='ltr'>inter</span> <span class='ocrx_word' id='word_1_143' title='bbox 648 1813 758 1875; x_wconf 89' lang='lat' dir='ltr'>multos</span> <span class='ocrx_word' id='word_1_144' title='bbox 772 1812 942 1876; x_wconf 79' lang='lat' dir='ltr'>sacieudrun</span> <span class='ocrx_word' id='word_1_145' title='bbox 956 1827 1013 1876; x_wconf 87' lang='lat' dir='ltr'>est.</span> <span class='ocrx_word' id='word_1_146' title='bbox 1127 1834 1140 1849; x_wconf 69' lang='lat'>⁶</span> <span class='ocrx_word' id='word_1_147' title='bbox 1213 1822 1214 1897; x_wconf 63' lang='lat' dir='ltr'>i</span> 
     </span>
     <span class='ocr_line' id='line_1_19' title="bbox 241 1898 1214 1982; baseline 0.007 -22"><span class='ocrx_word' id='word_1_148' title='bbox 241 1898 335 1962; x_wconf 82' lang='lat' dir='ltr'>¹Mitto</span> <span class='ocrx_word' id='word_1_149' title='bbox 346 1899 501 1978; x_wconf 88' lang='lat' dir='ltr'>amicitias,</span> <span class='ocrx_word' id='word_1_150' title='bbox 515 1919 591 1982; x_wconf 87' lang='lat' dir='ltr'>quae</span> <span class='ocrx_word' id='word_1_151' title='bbox 601 1900 638 1962; x_wconf 92' lang='lat' dir='ltr'>ad</span> <span class='ocrx_word' id='word_1_152' title='bbox 649 1913 834 1962; x_wconf 85' lang='lat' dir='ltr'>senectutem</span> <span class='ocrx_word' id='word_1_153' title='bbox 850 1920 943 1981; x_wconf 82' lang='lat' dir='ltr'>usque</span> <span class='ocrx_word' id='word_1_154' title='bbox 951 1898 1140 1963; x_wconf 86' lang='lat' dir='ltr'>firmissimae</span> <span class='ocrx_word' id='word_1_155' title='bbox 1213 1906 1214 1967; x_wconf 86' lang='lat' dir='ltr'>l</span> 
     </span>
     <span class='ocr_line' id='line_1_20' title="bbox 200 1982 1214 2068; baseline 0.002 -22"><span class='ocrx_word' id='word_1_156' title='bbox 200 1984 315 2061; x_wconf 88' lang='lat' dir='ltr'>durant,</span> <span class='ocrx_word' id='word_1_157' title='bbox 328 1984 466 2067; x_wconf 82' lang='lat' dir='ltr'>religiose</span> <span class='ocrx_word' id='word_1_158' title='bbox 477 1985 607 2067; x_wconf 88' lang='lat' dir='ltr'>quadam</span> <span class='ocrx_word' id='word_1_159' title='bbox 619 1984 839 2048; x_wconf 87' lang='lat' dir='ltr'>necessitudine</span> <span class='ocrx_word' id='word_1_160' title='bbox 851 1983 990 2046; x_wconf 82' lang='lat' dir='ltr'>imbutae.</span> <span class='ocrx_word' id='word_1_161' title='bbox 1011 1983 1140 2068; x_wconf 49' lang='lat' dir='ltr'>sueque</span> <span class='ocrx_word' id='word_1_162' title='bbox 1213 1982 1214 2009; x_wconf 72' lang='lat'>³</span> 
     </span>
     <span class='ocr_line' id='line_1_21' title="bbox 200 2068 1214 2160; baseline 0.001 -29"><span class='ocrx_word' id='word_1_163' title='bbox 200 2068 278 2132; x_wconf 86' lang='lat' dir='ltr'>enim</span> <span class='ocrx_word' id='word_1_164' title='bbox 301 2083 347 2133; x_wconf 88' lang='lat' dir='ltr'>est</span> <span class='ocrx_word' id='word_1_165' title='bbox 369 2070 510 2149; x_wconf 86' lang='lat' dir='ltr'>sanctius,</span> <span class='ocrx_word' id='word_1_166' title='bbox 528 2070 623 2133; x_wconf 85' lang='lat' dir='ltr'>sacris</span> <span class='ocrx_word' id='word_1_167' title='bbox 636 2069 761 2149; x_wconf 85' lang='lat' dir='ltr'>iisdem,</span> <span class='ocrx_word' id='word_1_168' title='bbox 777 2068 997 2155; x_wconf 59' lang='lat' dir='ltr'>quamrstudiis</span> <span class='ocrx_word' id='word_1_169' title='bbox 1019 2068 1173 2143; x_wconf 60' lang='lat' dir='ltr'>initiatam</span> <span class='ocrx_word' id='word_1_170' title='bbox 1213 2109 1214 2160; x_wconf 58' lang='lat'>,</span> 
     </span>
     <span class='ocr_line' id='line_1_22' title="bbox 245 2153 1214 2244; baseline 0 -25"><span class='ocrx_word' id='word_1_171' title='bbox 245 2153 376 2219; x_wconf 83' lang='lat' dir='ltr'>Sensum</span> <span class='ocrx_word' id='word_1_172' title='bbox 386 2155 494 2240; x_wconf 90' lang='lat' dir='ltr'>ipsum,</span> <span class='ocrx_word' id='word_1_173' title='bbox 509 2156 558 2240; x_wconf 90' lang='lat' dir='ltr'>qui</span> <span class='ocrx_word' id='word_1_174' title='bbox 571 2156 739 2219; x_wconf 82' lang='lat' dir='ltr'>communis</span> <span class='ocrx_word' id='word_1_175' title='bbox 750 2156 868 2234; x_wconf 86' lang='lat' dir='ltr'>dicitur,</span> <span class='ocrx_word' id='word_1_176' title='bbox 880 2155 1139 2232; x_wconf 84' lang='lat' dir='ltr'>ubi·discet,.cum</span> <span class='ocrx_word' id='word_1_177' title='bbox 1213 2167 1214 2244; x_wconf 66' lang='lat' dir='ltr'>l</span> 
     </span>
     <span class='ocr_line' id='line_1_23' title="bbox 199 2238 1214 2325; baseline 0 -21"><span class='ocrx_word' id='word_1_178' title='bbox 199 2261 232 2304; x_wconf 91' lang='lat' dir='ltr'>se</span> <span class='ocrx_word' id='word_1_179' title='bbox 258 2262 275 2303; x_wconf 90' lang='lat' dir='ltr'>a</span> <span class='ocrx_word' id='word_1_180' title='bbox 299 2263 472 2325; x_wconf 74' lang='lat' dir='ltr'>congressu,</span> <span class='ocrx_word' id='word_1_181' title='bbox 500 2241 549 2325; x_wconf 90' lang='lat' dir='ltr'>qui</span> <span class='ocrx_word' id='word_1_182' title='bbox 573 2238 633 2304; x_wconf 80' lang='lat' dir='ltr'>no‘n</span> <span class='ocrx_word' id='word_1_183' title='bbox 656 2242 824 2303; x_wconf 89' lang='lat' dir='ltr'>bominibus</span> <span class='ocrx_word' id='word_1_184' title='bbox 848 2241 946 2303; x_wconf 82' lang='lat' dir='ltr'>solum</span> <span class='ocrx_word' id='word_1_185' title='bbox 963 2242 1140 2304; x_wconf 86' lang='lat' dir='ltr'>-sedmutis</span> <span class='ocrx_word' id='word_1_186' title='bbox 1213 2247 1214 2310; x_wconf 63' lang='lat' dir='ltr'>l</span> 
     </span>
     <span class='ocr_line' id='line_1_24' title="bbox 199 2325 1214 2411; baseline -0.002 -22"><span class='ocrx_word' id='word_1_187' title='bbox 199 2347 318 2411; x_wconf 89' lang='lat' dir='ltr'>quoque</span> <span class='ocrx_word' id='word_1_188' title='bbox 333 2327 506 2391; x_wconf 85' lang='lat' dir='ltr'>animalibus</span> <span class='ocrx_word' id='word_1_189' title='bbox 522 2326 661 2390; x_wconf 89' lang='lat' dir='ltr'>naturalis</span> <span class='ocrx_word' id='word_1_190' title='bbox 677 2339 735 2404; x_wconf 88' lang='lat' dir='ltr'>est,</span> <span class='ocrx_word' id='word_1_191' title='bbox 752 2325 940 2410; x_wconf 73' lang='lat' dir='ltr'>segregarit?</span> <span class='ocrx_word' id='word_1_192' title='bbox 1213 2395 1214 2406; x_wconf 41' lang='lat'>,</span> 
     </span>
     <span class='ocr_line' id='line_1_25' title="bbox 243 2410 1214 2496; baseline -0.001 -22"><span class='ocrx_word' id='word_1_193' title='bbox 243 2410 347 2490; x_wconf 81' lang='lat' dir='ltr'>Adde,</span> <span class='ocrx_word' id='word_1_194' title='bbox 365 2414 447 2496; x_wconf 86' lang='lat' dir='ltr'>quod</span> <span class='ocrx_word' id='word_1_195' title='bbox 463 2413 604 2495; x_wconf 87' lang='lat' dir='ltr'>domiea</span> <span class='ocrx_word' id='word_1_196' title='bbox 627 2411 828 2475; x_wconf 81' lang='lat' dir='ltr'>soladiscere</span> <span class='ocrx_word' id='word_1_197' title='bbox 852 2424 963 2493; x_wconf 87' lang='lat' dir='ltr'>potest,</span> <span class='ocrx_word' id='word_1_198' title='bbox 979 2432 1057 2493; x_wconf 85' lang='lat' dir='ltr'>quae</span> <span class='ocrx_word' id='word_1_199' title='bbox 1070 2411 1139 2495; x_wconf 48' lang='lat' dir='ltr'>,ipsi</span> <span class='ocrx_word' id='word_1_200' title='bbox 1170 2439 1174 2456; x_wconf 86' lang='grc'><em>·</em></span> <span class='ocrx_word' id='word_1_201' title='bbox 1213 2441 1214 2448; x_wconf 45' lang='lat'>¹</span> 
     </span>
     <span class='ocr_line' id='line_1_26' title="bbox 198 2490 1173 2580; baseline 0.006 -23"><span class='ocrx_word' id='word_1_202' title='bbox 198 2497 439 2580; x_wconf 63' lang='lat' dir='ltr'>praecipientem</span> <span class='ocrx_word' id='word_1_203' title='bbox 473 2497 501 2557; x_wconf 92' lang='lat' dir='ltr'>in</span> <span class='ocrx_word' id='word_1_204' title='bbox 531 2496 647 2572; x_wconf 88' lang='lat' dir='ltr'>schola,</span> <span class='ocrx_word' id='word_1_205' title='bbox 674 2490 764 2556; x_wconf 81' lang='lat' dir='ltr'>etiam</span> <span class='ocrx_word' id='word_1_206' title='bbox 784 2515 873 2576; x_wconf 81' lang='lat' dir='ltr'>quae</span> <span class='ocrx_word' id='word_1_207' title='bbox 899 2494 974 2556; x_wconf 81' lang='lat' dir='ltr'>aliis&#39;.</span> <span class='ocrx_word' id='word_1_208' title='bbox 1003 2494 1173 2569; x_wconf 63' lang='lat' dir='ltr'>‘Audietss</span> 
     </span>
     <span class='ocr_line' id='line_1_27' title="bbox 198 2578 1214 2665; baseline 0.009 -24"><span class='ocrx_word' id='word_1_209' title='bbox 198 2580 289 2641; x_wconf 86' lang='lat' dir='ltr'>multa</span> <span class='ocrx_word' id='word_1_210' title='bbox 304 2579 436 2664; x_wconf 89' lang='lat' dir='ltr'>quotidie</span> <span class='ocrx_word' id='word_1_211' title='bbox 453 2578 584 2663; x_wconf 89' lang='lat' dir='ltr'>probari,</span> <span class='ocrx_word' id='word_1_212' title='bbox 603 2579 694 2641; x_wconf 88' lang='lat' dir='ltr'>multa</span> <span class='ocrx_word' id='word_1_213' title='bbox 709 2578 817 2661; x_wconf 75' lang='lat' dir='ltr'>corrigi</span> <span class='ocrx_word' id='word_1_214' title='bbox 832 2599 840 2638; x_wconf 79' lang='lat' dir='ltr'><strong><em>z</em></strong></span> <span class='ocrx_word' id='word_1_215' title='bbox 855 2578 998 2663; x_wconf 67' lang='lat' dir='ltr'>proderit</span> <span class='ocrx_word' id='word_1_216' title='bbox 1010 2579 1139 2665; x_wconf 77' lang='lat' dir='ltr'>alicujus</span> <span class='ocrx_word' id='word_1_217' title='bbox 1213 2639 1214 2650; x_wconf 67' lang='grc'>,</span> 
     </span>
     <span class='ocr_line' id='line_1_28' title="bbox 129 2662 1139 2749; baseline 0.002 -22"><span class='ocrx_word' id='word_1_218' title='bbox 129 2662 133 2667; x_wconf 76' lang='grc'>’</span> <span class='ocrx_word' id='word_1_219' title='bbox 198 2663 353 2749; x_wconf 79' lang='lat' dir='ltr'>objurgata</span> <span class='ocrx_word' id='word_1_220' title='bbox 368 2664 504 2730; x_wconf 90' lang='lat' dir='ltr'>desidia:</span> <span class='ocrx_word' id='word_1_221' title='bbox 529 2662 663 2747; x_wconf 80' lang='lat' dir='ltr'>proderit</span> <span class='ocrx_word' id='word_1_222' title='bbox 676 2662 969 2727; x_wconf 70' lang='lat' dir='ltr'>laudassindusma:</span> <span class='ocrx_word' id='word_1_223' title='bbox 992 2664 1139 2733; x_wconf 70' lang='lat' dir='ltr'>eruum</span> 
     </span>
     <span class='ocr_line' id='line_1_29' title="bbox 197 2748 1214 2842; baseline 0.002 -29"><span class='ocrx_word' id='word_1_224' title='bbox 197 2750 346 2813; x_wconf 83' lang='lat' dir='ltr'>tur-laude</span> <span class='ocrx_word' id='word_1_225' title='bbox 361 2750 518 2812; x_wconf 86' lang='lat' dir='ltr'>aemulatio</span> <span class='ocrx_word' id='word_1_226' title='bbox 533 2770 540 2810; x_wconf 92' lang='lat'><strong>:</strong></span> <span class='ocrx_word' id='word_1_227' title='bbox 564 2763 650 2831; x_wconf 89' lang='lat' dir='ltr'>turpe</span> <span class='ocrx_word' id='word_1_228' title='bbox 665 2750 756 2811; x_wconf 87' lang='lat' dir='ltr'>ducet</span> <span class='ocrx_word' id='word_1_229' title='bbox 771 2749 880 2811; x_wconf 88' lang='lat' dir='ltr'>cedere</span> <span class='ocrx_word' id='word_1_230' title='bbox 893 2748 968 2832; x_wconf 87' lang='lat' dir='ltr'>pari,</span> <span class='ocrx_word' id='word_1_231' title='bbox 980 2750 1140 2842; x_wconf 78' lang='lat' dir='ltr'>pulchrum</span> <span class='ocrx_word' id='word_1_232' title='bbox 1213 2799 1214 2826; x_wconf 67' lang='lat'>,</span> 
     </span>
     <span class='ocr_line' id='line_1_30' title="bbox 198 2830 1214 2933; baseline 0.003 -36"><span class='ocrx_word' id='word_1_233' title='bbox 198 2856 356 2918; x_wconf 89' lang='lat' dir='ltr'>superasse</span> <span class='ocrx_word' id='word_1_234' title='bbox 381 2834 522 2933; x_wconf 75' lang='lat' dir='ltr'>majores.</span> <span class='ocrx_word' id='word_1_235' title='bbox 552 2830 756 2897; x_wconf 59' lang='lat' dir='ltr'>»Accendubt</span> <span class='ocrx_word' id='word_1_236' title='bbox 777 2834 876 2896; x_wconf 89' lang='lat' dir='ltr'>omnia</span> <span class='ocrx_word' id='word_1_237' title='bbox 888 2834 1138 2900; x_wconf 52' lang='lat' dir='ltr'>„haecsanim‘om</span> <span class='ocrx_word' id='word_1_238' title='bbox 1213 2853 1214 2912; x_wconf 63' lang='grc' dir='ltr'>ζ</span> 
     </span>
     <span class='ocr_line' id='line_1_31' title="bbox 198 2917 1214 3003; baseline 0.004 -21"><span class='ocrx_word' id='word_1_239' title='bbox 198 2932 229 2983; x_wconf 95' lang='lat' dir='ltr'>et</span> <span class='ocrx_word' id='word_1_240' title='bbox 243 2919 394 3003; x_wconf 87' lang='lat' dir='ltr'>licetipsa</span> <span class='ocrx_word' id='word_1_241' title='bbox 409 2920 512 2983; x_wconf 83' lang='lat' dir='ltr'>vitium</span> <span class='ocrx_word' id='word_1_242' title='bbox 528 2920 566 2983; x_wconf 84' lang='lat' dir='ltr'>sit</span> <span class='ocrx_word' id='word_1_243' title='bbox 581 2918 718 3003; x_wconf 79' lang='lat' dir='ltr'>ambitio,</span> <span class='ocrx_word' id='word_1_244' title='bbox 733 2917 1024 3003; x_wconf 74' lang='lat' dir='ltr'>trequenteramen</span> <span class='ocrx_word' id='word_1_245' title='bbox 1046 2941 1173 2997; x_wconf 60' lang='lat' dir='ltr'>causano</span> <span class='ocrx_word' id='word_1_246' title='bbox 1213 2951 1214 2966; x_wconf 70' lang='lat'><em>2</em></span> 
     </span>
     <span class='ocr_line' id='line_1_32' title="bbox 197 3004 1140 3091; baseline 0.002 -24"><span class='ocrx_word' id='word_1_247' title='bbox 197 3005 336 3068; x_wconf 90' lang='lat' dir='ltr'>virtutum</span> <span class='ocrx_word' id='word_1_248' title='bbox 353 3018 408 3086; x_wconf 86' lang='lat' dir='ltr'>est.</span> <span class='ocrx_word' id='word_1_249' title='bbox 429 3038 431 3045; x_wconf 95' lang='lat'>·</span> <span class='ocrx_word' id='word_1_250' title='bbox 455 3004 525 3090; x_wconf 83' lang='lat' dir='ltr'>Non</span> <span class='ocrx_word' id='word_1_251' title='bbox 541 3004 674 3091; x_wconf 81' lang='lat' dir='ltr'>inutilem</span> <span class='ocrx_word' id='word_1_252' title='bbox 689 3004 753 3067; x_wconf 88' lang='lat' dir='ltr'>scio</span> <span class='ocrx_word' id='word_1_253' title='bbox 769 3006 921 3068; x_wconf 87' lang='lat' dir='ltr'>servatum</span> <span class='ocrx_word' id='word_1_254' title='bbox 934 3026 1035 3069; x_wconf 81' lang='lat' dir='ltr'>essee</span> <span class='ocrx_word' id='word_1_255' title='bbox 1047 3019 1140 3088; x_wconf 53' lang='lat' dir='ltr'>utrae*</span> 
     </span>
     <span class='ocr_line' id='line_1_33' title="bbox 197 3088 1214 3175; baseline 0.002 -20"><span class='ocrx_word' id='word_1_256' title='bbox 197 3090 369 3175; x_wconf 86' lang='lat' dir='ltr'>captoribus</span> <span class='ocrx_word' id='word_1_257' title='bbox 394 3091 469 3155; x_wconf 89' lang='lat' dir='ltr'>meis</span> <span class='ocrx_word' id='word_1_258' title='bbox 496 3110 623 3168; x_wconf 88' lang='lat' dir='ltr'>morem,</span> <span class='ocrx_word' id='word_1_259' title='bbox 651 3089 713 3173; x_wconf 88' lang='lat' dir='ltr'>qui,</span> <span class='ocrx_word' id='word_1_260' title='bbox 736 3110 813 3153; x_wconf 82' lang='lat' dir='ltr'>cum·</span> <span class='ocrx_word' id='word_1_261' title='bbox 833 3088 946 3173; x_wconf 77' lang='lat' dir='ltr'>pueros.</span> <span class='ocrx_word' id='word_1_262' title='bbox 963 3091 992 3153; x_wconf 91' lang='lat' dir='ltr'>in</span> <span class='ocrx_word' id='word_1_263' title='bbox 1014 3090 1139 3157; x_wconf 78' lang='lat' dir='ltr'>··clasaes</span> <span class='ocrx_word' id='word_1_264' title='bbox 1213 3111 1214 3156; x_wconf 75' lang='lat'>1</span> 
     </span>
     <span class='ocr_line' id='line_1_34' title="bbox 197 3170 1137 3259; baseline 0.005 -23"><span class='ocrx_word' id='word_1_265' title='bbox 197 3176 415 3256; x_wconf 87' lang='lat' dir='ltr'>distribuerant,</span> <span class='ocrx_word' id='word_1_266' title='bbox 437 3177 572 3241; x_wconf 83' lang='lat' dir='ltr'>ordinem</span> <span class='ocrx_word' id='word_1_267' title='bbox 597 3170 1004 3253; x_wconf 70' lang='lat' dir='ltr'>dicendiseeundumxbires</span> <span class='ocrx_word' id='word_1_268' title='bbox 1028 3176 1137 3259; x_wconf 75' lang='lat' dir='ltr'>ingenii</span> 
     </span>
     <span class='ocr_line' id='line_1_35' title="bbox 198 3259 1135 3345; baseline 0.006 -25"><span class='ocrx_word' id='word_1_269' title='bbox 198 3259 329 3321; x_wconf 87' lang='lat' dir='ltr'>dabant:</span> <span class='ocrx_word' id='word_1_270' title='bbox 368 3275 398 3323; x_wconf 86' lang='lat' dir='ltr'>et</span> <span class='ocrx_word' id='word_1_271' title='bbox 432 3263 471 3324; x_wconf 86' lang='lat' dir='ltr'>ita</span> <span class='ocrx_word' id='word_1_272' title='bbox 504 3262 660 3345; x_wconf 78' lang='lat' dir='ltr'>superiore</span> <span class='ocrx_word' id='word_1_273' title='bbox 683 3262 754 3325; x_wconf 91' lang='lat' dir='ltr'>loco</span> <span class='ocrx_word' id='word_1_274' title='bbox 784 3261 909 3345; x_wconf 86' lang='lat' dir='ltr'>quisque</span> <span class='ocrx_word' id='word_1_275' title='bbox 935 3261 1135 3341; x_wconf 75' lang='lat' dir='ltr'>declamabat,</span> 
     </span>
     <span class='ocr_line' id='line_1_36' title="bbox 197 3344 1172 3432; baseline 0.008 -27"><span class='ocrx_word' id='word_1_276' title='bbox 197 3356 229 3405; x_wconf 93' lang='lat' dir='ltr'>ut</span> <span class='ocrx_word' id='word_1_277' title='bbox 250 3345 434 3427; x_wconf 88' lang='lat' dir='ltr'>praecedere</span> <span class='ocrx_word' id='word_1_278' title='bbox 457 3344 593 3429; x_wconf 84' lang='lat' dir='ltr'>profectu</span> <span class='ocrx_word' id='word_1_279' title='bbox 610 3346 780 3410; x_wconf 67' lang='lat' dir='ltr'>videbatur.</span> <span class='ocrx_word' id='word_1_280' title='bbox 827 3345 930 3429; x_wconf 85' lang='lat' dir='ltr'>Hujus</span> <span class='ocrx_word' id='word_1_281' title='bbox 950 3346 1000 3408; x_wconf 81' lang='lat' dir='ltr'>rei</span> <span class='ocrx_word' id='word_1_282' title='bbox 1016 3346 1172 3432; x_wconf 70' lang='lat' dir='ltr'>tjudiciaar</span> 
     </span>
     <span class='ocr_line' id='line_1_37' title="bbox 197 3429 1137 3516; baseline 0.006 -25"><span class='ocrx_word' id='word_1_283' title='bbox 197 3429 413 3516; x_wconf 75' lang='lat' dir='ltr'>praebebantur</span> <span class='ocrx_word' id='word_1_284' title='bbox 427 3445 434 3491; x_wconf 81' lang='lat' dir='ltr'>t</span> <span class='ocrx_word' id='word_1_285' title='bbox 459 3451 495 3492; x_wconf 91' lang='lat' dir='ltr'>ea</span> <span class='ocrx_word' id='word_1_286' title='bbox 517 3430 603 3493; x_wconf 90' lang='lat' dir='ltr'>uobis</span> <span class='ocrx_word' id='word_1_287' title='bbox 626 3431 868 3515; x_wconf 67' lang='lat' dir='ltr'>iugens-palmae?</span> <span class='ocrx_word' id='word_1_288' title='bbox 881 3432 1033 3494; x_wconf 88' lang='lat' dir='ltr'>contentio</span> <span class='ocrx_word' id='word_1_289' title='bbox 1050 3454 1064 3494; x_wconf 75' lang='grc' dir='ltr'>ι·</span> <span class='ocrx_word' id='word_1_290' title='bbox 1080 3430 1137 3497; x_wconf 80' lang='lat' dir='ltr'>dti-</span> 
     </span>
     <span class='ocr_line' id='line_1_38' title="bbox 198 3512 1214 3601; baseline 0.006 -24"><span class='ocrx_word' id='word_1_291' title='bbox 198 3532 268 3577; x_wconf 87' lang='lat' dir='ltr'>cere</span> <span class='ocrx_word' id='word_1_292' title='bbox 284 3515 512 3601; x_wconf 64' lang='lat' dir='ltr'>vero‘classem,</span> <span class='ocrx_word' id='word_1_293' title='bbox 531 3515 624 3578; x_wconf 88' lang='lat' dir='ltr'>multo</span> <span class='ocrx_word' id='word_1_294' title='bbox 639 3512 912 3599; x_wconf 69' lang='lat' dir='ltr'>pulcherrimum.&#39;==</span> <span class='ocrx_word' id='word_1_295' title='bbox 928 3515 996 3579; x_wconf 86' lang='lat' dir='ltr'>Nec&#39;</span> <span class='ocrx_word' id='word_1_296' title='bbox 1019 3516 1136 3582; x_wconf 78' lang='lat' dir='ltr'>detia&#39;oe</span> <span class='ocrx_word' id='word_1_297' title='bbox 1213 3527 1214 3594; x_wconf 67' lang='lat' dir='ltr'>l</span> 
     </span>
     <span class='ocr_line' id='line_1_39' title="bbox 198 3600 1136 3677; baseline 0.004 -14"><span class='ocrx_word' id='word_1_298' title='bbox 198 3600 575 3677; x_wconf 63' lang='lat' dir='ltr'>semeitdeeretunterat:</span> <span class='ocrx_word' id='word_1_299' title='bbox 596 3600 776 3671; x_wconf 74' lang='lat' dir='ltr'>tricesimus</span> <span class='ocrx_word' id='word_1_300' title='bbox 792 3600 876 3665; x_wconf 84' lang='lat' dir='ltr'>dies-</span> <span class='ocrx_word' id='word_1_301' title='bbox 886 3600 1136 3667; x_wconf 70' lang='lat' dir='ltr'>mutabacmord</span> 
     </span>
    </p>
   </div>
   <div class='ocr_carea' id='block_1_4' title="bbox 0 0 1235 4200">
    <p class='ocr_par' dir='ltr' id='par_1_4' title="bbox 0 0 1235 4200">
     <span class='ocr_line' id='line_1_40' title="bbox 0 0 1235 4200; baseline 0 0"><span class='ocrx_word' id='word_1_302' title='bbox 0 0 1235 4200; x_wconf 95' lang='lat' dir='ltr'> </span> 
     </span>
    </p>
   </div>
  </div>
 </body>
</html>
