2459 4200
224 233 229 240 ’
336 259 488 306 sanson
506 259 656 314 cunnus
672 261 810 308 ctrtrs.
1016 249 1057 310 tt

14 413 15 418 ’
119 431 158 474 ex
171 409 324 474 lacrimis:
348 409 372 474 si
389 424 438 474 aut
458 425 537 476 statu
557 412 727 496 periclitari,
743 427 794 477 aut
806 412 948 498 opinions
963 413 1059 498 litige-

118 511 162 559 tor
176 497 306 558 videtur.
354 495 433 560 Nem
453 497 482 558 in
505 498 603 580 partis
619 498 740 581 quidem
757 499 857 562 litibus
872 499 1057 582 huettagoe·

118 582 179 645 dias
201 603 328 644 movere
351 581 409 644 tsle
433 595 490 658 est,
510 583 597 665 quale
622 583 647 645 si
669 604 831 667 personam
860 582 1006 648 Herculis
1028 597 1060 648 et

119 667 278 730 cothurnos
294 681 398 750 optare
413 665 570 730 insontibus
586 668 670 732 velis.

89 771 101 810 s
162 750 211 813 Ne
226 752 295 814 illud
311 752 433 834 quidem
449 753 598 835 indignum
613 768 660 816 est
680 754 894 832 admonitione,
911 753 1014 837 ingens
1028 753 1060 818 in

14 906 18 931 Ι
120 836 243 920 epilogis
267 858 335 899 meo
353 835 470 922 judicio
492 839 569 901 verti
592 839 764 917 discrimen,
782 839 935 924 quomodo
957 861 992 902 se
1014 839 1059 902 di·

119 923 209 999 conti,
226 922 276 1005 qui
292 923 451 998 excitatur,
468 925 690 988 accommodet.
737 923 816 988 Nam
837 940 869 988 et
889 923 1057 1007 imperitia,

14 1057 18 1091 t,
119 1021 148 1070 ct
171 1007 389 1084 restituisset
411 1008 511 1090 rigor,
534 1023 564 1071 et
588 1007 765 1090 deformitas
787 1011 913 1074 afferunt
942 1009 1059 1074 interim

14 1105 15 1129 ³
119 1090 234 1174 frigus:
257 1092 470 1175 diligenterque
486 1109 552 1156 suut
567 1094 643 1156 haec
658 1096 753 1157 actori
773 1096 969 1179 providenda.
1016 1093 1060 1158 Et

89 1177 243 1260 mquidem
271 1192 466 1260 repugnantes
490 1199 543 1240 eos
567 1194 704 1261 patrono,
721 1195 752 1242 et
774 1181 846 1242 nihil
869 1181 951 1242 vultu
973 1199 1059 1241 com·

121 1276 233 1338 motos,
251 1276 282 1324 et
296 1261 501 1346 intempestive
516 1263 658 1335 ridentes,
675 1279 706 1326 et
720 1262 800 1326 sacto
815 1264 915 1345 aliquo
930 1263 978 1325 vel
994 1262 1061 1346 ipso

120 1347 202 1410 vultu
217 1346 308 1409 risum
323 1348 411 1410 etiam
427 1361 583 1410 moventes
599 1369 692 1432 saepe
707 1347 779 1426 vidi,
796 1347 958 1432 praecipue
973 1367 1058 1426 voro,

120 1454 188 1496 cum
204 1431 300 1516 aliqua
315 1433 396 1495 velut
411 1433 533 1496 scenice
548 1433 630 1496 fiunt.

164 1517 331 1580 Transtulit
355 1517 511 1600 aliquando
541 1533 682 1601 patronus
710 1518 851 1602 puellam,
875 1541 952 1603 quae
974 1539 1060 1582 soror

90 1621 188 1666 messe
203 1602 364 1666 adversarii
379 1603 532 1666 dicebatur
551 1603 633 1685 (narn
653 1605 692 1666 de
713 1604 772 1666 hoc
794 1605 831 1666 lis
853 1605 943 1687 erat,)
962 1605 992 1666 in
1006 1605 1060 1666 ad·

120 1709 208 1752 versa
223 1687 375 1764 subsellia,
390 1701 528 1770 tanquam
544 1689 572 1750 in
587 1688 701 1772 gremio
716 1687 814 1752 fratris
828 1689 984 1750 relicturus
999 1708 1008 1761 ;
1030 1698 1062 1748 at

121 1773 289 1835 isanobis
308 1773 507 1855 praemonitus
528 1774 718 1836 discesserat.
766 1772 852 1835 Tum
873 1771 934 1847 ille,
951 1769 1062 1851 alioqui

14 1856 18 1879 ¹
123 1857 169 1920 vir
183 1855 340 1935 facundus,
356 1857 525 1940 inopinatae
544 1859 586 1920 rei
602 1879 676 1921 casu
696 1856 853 1933 obmutuit,
870 1868 901 1918 et
921 1853 1062 1917 infantem

123 1963 208 2006 suam
223 1940 410 2024 frigidissime
425 1943 598 2025 reportavit.

90 2045 115 2084 so
167 2025 257 2090 Alius
273 2027 430 2110 imaginem
453 2028 549 2090 mariti
568 2050 623 2111 pro
641 2049 692 2090 rea
714 2026 848 2112 proferre
863 2025 961 2110 magni
976 2039 1061 2109 pute·

13 2110 14 2127 ³
122 2112 186 2177 vit:
209 2125 241 2174 at
256 2133 290 2174 ea
306 2112 425 2195 saepius
445 2112 536 2175 risum
551 2112 633 2177 tecit.
680 2110 760 2175 Nam
778 2126 808 2174 et
825 2112 858 2188 ii,
875 2132 1000 2193 quorum
1016 2108 1061 2171 ol·

13 2270 14 2273 Ἴ
123 2197 182 2259 ficii
205 2210 280 2274 erat,
299 2212 330 2259 ut
353 2198 500 2261 traderent
522 2219 600 2272 eam,
618 2196 722 2277 ignari,
739 2196 789 2277 qui
811 2210 892 2257 esset
914 2194 1062 2275 epilogus,

124 2282 241 2364 quoties
258 2282 441 2364 respexisset
456 2296 610 2365 patronus,
628 2280 794 2341 offerebant
815 2278 923 2359 palam,
942 2290 973 2337 et
994 2296 1063 2357 pro·

123 2366 182 2429 late
197 2366 371 2443 novissime,
389 2365 578 2429 deformitate
593 2364 658 2446 ipsa
677 2362 758 2444 (nam
773 2360 851 2423 senis
867 2359 1006 2421 cadaveri
1021 2358 1064 2419 in·

14 2473 17 2496 =
92 2448 202 2533 slusa)
223 2452 412 2534 praeteritam
427 2471 546 2533 quoquc
561 2448 701 2512 orationis
716 2446 840 2530 gratiam
854 2442 993 2527 perdidit.

168 2534 236 2599 Nec
253 2536 396 2619 ignotum,
414 2536 485 2619 quid
504 2533 650 2619 Glyconi,
667 2534 716 2596 cui
742 2530 895 2617 Spiridion
917 2528 971 2593 suit
993 2550 1065 2614 cog·

31 2612 38 2627 ⁸
123 2642 246 2697 nomen,
264 2621 418 2685 acciderit.
460 2619 542 2683 Huic
558 2642 644 2704 puer,
661 2640 752 2702 quem
766 2616 856 2701 injus
872 2618 1064 2700 productum,

124 2707 197 2789 quid
214 2707 310 2783 fleret,
328 2706 536 2787 interrogabat,
554 2726 589 2766 er
606 2705 787 2787 poedagogo
808 2723 838 2765 st
858 2703 999 2765 vellicari
1019 2722 1066 2762 re·

125 2791 255 2875 spondit.
306 2792 372 2855 Sed
401 2790 472 2852 nihil
494 2790 541 2853 illa
564 2790 646 2853 circa
665 2788 817 2873 Cepasios
837 2787 998 2851 Ciceronis
1023 2783 1066 2847 fa·

13 2949 14 2960 ἶ
93 2876 195 2939 subula
211 2876 364 2939 efficacius
379 2877 415 2939 ad
433 2876 563 2959 pericula
580 2876 777 2959 epilogorum.

12 2968 13 2981 ³
166 2958 282 3024 Omnia
304 2952 404 3024 tamen
426 2961 501 3023 haec
525 2962 699 3037 tolerabilia,
717 2960 823 3041 quibus
838 2957 989 3019 actionem
1004 2972 1067 3046 mq-

126 3060 190 3109 tsre
206 3044 295 3108 sacile
311 3061 356 3109 est
371 3060 443 3131 z‘at,
460 3046 510 3129 qui
531 3067 548 3108 a
569 3044 636 3108 stilo
655 3064 716 3105 non
736 3042 891 3111 recedunt,
909 3051 959 3097 aut
973 3046 1069 3130 contr·
1091 3106 1095 3111 ι

127 3144 257 3192 cescunt
278 3131 314 3193 ad
332 3131 387 3193 llos
411 3152 509 3206 casus,
527 3144 576 3192 aut
598 3124 835 3209 frequentissime
857 3118 931 3181 salsa
954 3119 1066 3181 dtcunt.

128 3212 209 3277 Inde
226 3228 272 3277 est
291 3216 379 3294 enim,
403 3216 514 3277 Tendit
529 3214 569 3275 ad
589 3218 812 3295 granceastre
834 3205 985 3289 supplices
1006 3225 1070 3268 ma·

12 3302 13 3351 I
94 3318 212 3377 arnus3
236 3314 277 3376 et,
299 3301 411 3363 Haeret
425 3302 460 3363 in
476 3301 633 3382 comploro
649 3297 812 3360 liberorum
826 3294 941 3371 misem
964 3306 994 3356 et
1009 3291 1070 3355 Re·

127 3396 382 3449 recalescente:
406 3386 523 3449 etiamsi
547 3385 616 3447 nihil
639 3385 745 3446 horum
766 3382 804 3459 is,
822 3382 860 3444 de
874 3402 935 3465 quo
950 3378 1069 3452 dicitur,

128 3468 229 3534 saciat.
277 3470 331 3533 Ex
353 3472 463 3534 scholis
486 3471 562 3531 haec
581 3469 663 3543 vitia,
681 3469 710 3529 in
728 3468 834 3549 quibus
857 3466 956 3527 omnia
978 3462 1071 3522 libere

129 3554 265 3635 fingimus
281 3571 311 3617 ct
333 3556 465 3637 impune,
482 3554 550 3633 quia
573 3576 628 3633 pro
651 3550 731 3614 sueto
754 3565 811 3625 est,
829 3542 971 3631 quidquid
986 3539 1070 3601 volu·
