2459 4200
338 305 495 351 serron
510 305 662 361 onsnrrr
680 307 816 354 crrtrr.
1005 291 1064 356 101

120 459 150 523 in
173 458 363 523 dimensione
394 459 505 542 pedum
535 459 662 543 syllaba,
678 480 756 542 quse
784 474 831 524 est
860 459 972 540 brevia,
988 460 1069 526 im

118 561 230 630 quente
249 545 300 608 vel
322 545 405 606 brevi
426 544 493 619 alia,
511 565 588 628 quae
609 561 708 608 tamen
728 546 802 609 dms
824 546 935 630 primas
956 567 1067 612 couro-

118 645 224 694 uantes
241 631 361 707 babeat,
378 630 410 692 fit
425 629 512 712 longa
531 652 538 690 ι
562 644 605 706 ut,

316 753 446 820 Agrestenr
459 755 528 803 tenui
541 771 635 804 musam
648 755 773 804 mediteris
784 771 871 805 evene.

103 875 156 938 sd
186 876 295 952 brevis,
315 897 372 958 gre
398 877 510 955 brevis,
528 876 618 942 laciet
647 894 746 944 tamen
776 879 895 962 longam
922 879 1064 964 priorem.

121 959 187 1026 Dat
203 963 289 1044 igitur
305 961 346 1024 illi
360 963 471 1046 aliquid
491 985 530 1026 ex
548 986 603 1027 suo
625 979 785 1048 tempore:
809 987 870 1048 quo
891 967 994 1042 modo,
1011 967 1068 1033 olei

117 1047 210 1112 habet
226 1047 305 1131 plus,
322 1069 411 1131 quam
427 1069 504 1132 quac
525 1050 712 1127 brevissima,
728 1051 823 1134 qualis
837 1051 903 1135 ipsa
917 1067 999 1116 esset
1013 1053 1068 1118 de·

120 1133 225 1196 tractis
241 1133 502 1198 consonantibus?
546 1134 636 1198 Nunc
651 1157 741 1198 unum
761 1151 878 1219 tempus
893 1158 1069 1200 accommo-

123 1215 176 1280 dat
191 1217 294 1302 priori,
312 1232 342 1281 et
363 1241 452 1282 unum
471 1220 582 1303 accipit
605 1241 624 1283 a
645 1236 799 1302 sequente,
817 1221 859 1284 ita
872 1222 950 1284 duae
965 1237 1069 1284 natum

91 1304 244 1379 rcbrcves,
261 1304 410 1388 positione
426 1321 492 1368 sunt
508 1319 677 1388 temporum
691 1320 826 1386 quatuor.

169 1385 266 1452 Miror
288 1404 387 1452 nutem
410 1391 439 1452 in
465 1391 523 1452 hac
550 1389 690 1473 opinione
716 1388 908 1452 doctissimos
934 1389 1069 1454 homines

120 1473 227 1552 fuisse,
243 1489 276 1538 ut
292 1475 365 1538 alios
384 1476 478 1559 pedes
500 1475 540 1538 ita
561 1476 715 1558 eligerent,
732 1474 866 1558 aliosque
881 1476 1066 1554 damnarent,

120 1560 208 1644 quasi
226 1560 300 1624 ullus
316 1578 407 1637 esset,
425 1582 514 1643 quem
529 1583 588 1624 non
604 1561 643 1624 sit
657 1583 784 1624 necesse
799 1561 828 1623 in
843 1561 978 1624 oratione
993 1562 1067 1645 dep·

122 1646 259 1709 rehendi.
308 1645 399 1709 Licet
414 1640 499 1730 igitur
515 1668 630 1730 paeone
645 1661 783 1730 sequatur
798 1645 952 1730 Ephorus,
966 1647 1069 1710 intren-

92 1745 187 1794 rstum
203 1753 220 1794 a
235 1730 478 1816 Thrasymacho,
490 1733 648 1816 probatum
662 1732 701 1794 ab
714 1732 891 1804 Aristotele,
902 1731 1068 1812 dactylum·

122 1835 197 1900 que,
214 1831 248 1878 ut
269 1818 495 1901 temperatiores
517 1817 658 1880 brevibus
677 1838 714 1878 ac
728 1817 849 1898 longis3
872 1815 963 1896 fugiat
976 1833 1070 1897 spon·

122 1901 219 1964 deum
235 1915 266 1964 et
279 1905 463 1978 trochaeum,
481 1902 599 1964 alterius
615 1901 765 1977 tarditate,
781 1899 900 1963 alterius
915 1898 1071 1962 celeritate

125 1986 289 2062 damnata;
311 1989 431 2065 herous,
448 1988 497 2071 qui
514 2002 560 2050 est
574 1987 655 2050 idem
670 1987 819 2071 dactylus,
834 1985 991 2050 Aristoteli
1006 2005 1069 2048 arn-

123 2072 216 2157 plior,
234 2072 348 2138 iambus
372 2074 526 2138 humanior
548 2073 707 2148 videatur3
730 2073 905 2137 trochaeum
927 2086 959 2135 ut
980 2070 1070 2135 nimis

90 2174 296 2223 mcurrentem
312 2161 443 2236 damnet,
461 2160 548 2244 eique
563 2161 701 2223 cordacis
714 2182 825 2221 nomen
840 2160 995 2240 imponat:
1018 2178 1069 2221 ca·

125 2246 257 2329 demque
285 2246 385 2309 dicant
417 2246 614 2309 Theodectes
641 2266 678 2306 ac
707 2244 947 2325 Theophrastus,
964 2239 1071 2303 similia

125 2346 197 2415 post
222 2352 277 2394 eos
305 2330 554 2394 Halicarnasseus
581 2328 772 2409 Dionysius:
794 2328 958 2405 irrumpent
980 2323 1071 2386 ctiam

122 2417 166 2479 ad
192 2417 313 2493 invitos,
331 2438 388 2479 nec
419 2437 538 2500 semper
569 2413 625 2476 illis
648 2411 768 2486 Heroo,
785 2422 835 2471 aut
855 2406 980 2469 Paeona
1002 2428 1070 2487 suo,
1100 2482 1106 2486 ,

125 2522 230 2585 quem,
248 2502 317 2586 quia
339 2524 459 2565 versum
482 2522 550 2564 raro
571 2498 655 2574 sacit,
672 2497 802 2559 maxime
824 2493 956 2569 laudant,
973 2492 1015 2555 uti
1036 2493 1071 2555 li·

91 2588 221 2651 arcebit.
271 2586 316 2649 Ut
338 2588 396 2651 sint
416 2601 512 2649 tamen
536 2586 600 2649 eliis
627 2584 674 2647 alii
698 2581 878 2656 crebriores,
895 2600 955 2642 uon
980 2579 1073 2643 verba

125 2672 251 2749 sacient,
269 2694 346 2757 quae
362 2694 459 2755 neque
474 2672 587 2754 augeri,
604 2692 661 2732 nec
677 2667 779 2743 minui,
792 2688 849 2730 nec
865 2665 952 2729 sicuti
966 2667 1073 2738 modu-

127 2758 241 2821 latione
256 2758 381 2842 produci
397 2772 447 2820 aut
462 2757 571 2841 corripi
592 2755 729 2839 possint3
752 2754 807 2817 sed
825 2753 1028 2817 transmutatio
1042 2764 1074 2815 et

125 2844 303 2909 collocatio.

175 2928 257 2993 Ple'
281 2950 319 2992 ue
342 2929 421 2991 eninr
443 2948 483 2991 ex
505 2926 708 2989 commissuris
732 2946 835 2987 eornm
857 2923 907 2985 rel
928 2921 1075 2985 divisione

94 3015 203 3083 rnfiuut
219 3036 258 3097 pe
281 3036 315 3078 es
331 3034 339 3075 ε
363 3034 422 3097 quo
438 3014 480 3089 fit,
492 3028 524 3075 ut
540 3013 645 3075 iisdem
660 3009 761 3070 verbis
776 3008 825 3068 elii
840 3020 929 3084 atque
943 3006 993 3065 elii
1007 3022 1085 3065 rer·-

129 3120 184 3165 sus
207 3100 300 3163 fiant:
322 3115 354 3163 ut
377 3098 497 3162 memini
513 3096 663 3181 quendam
684 3112 745 3153 non
767 3088 929 3171 ignobilem
950 3088 1077 3169 poetam

132 3185 188 3261 ita,
205 3184 322 3261 lusisse,

269 3304 341 3355 Astra
352 3314 420 3355 tenet
431 3304 538 3360 coelum,
551 3314 619 3349 mare
630 3297 733 3354 classes,
745 3309 802 3345 area
814 3307 930 3343 messem.

134 3424 200 3493 Hic
220 3440 383 3526 retrorsum
406 3426 444 3489 sit
465 3422 613 3486 actcdcur.
661 3417 801 3503 Itemque
821 3416 941 3483 sotades
962 3415 1079 3503 adjuret
1108 3432 1115 3437 “
1146 3472 1149 3482 .

99 3528 214 3579 »retro
229 3527 381 3577 trimetros
396 3531 403 3571 ε
426 3586 432 3601 .

262 3632 347 3699 Caput
358 3630 467 3760 exseppit
477 3626 568 3679 mobile
580 3626 654 3693 pinne
664 3626 776 3692 repetire
