2459 4200
8 2664 9 2687 1
124 2632 240 2699 Cicero
265 2631 348 2695 lecit.
395 2630 474 2693 Num
499 2645 531 2693 et

335 257 490 306 snsucss
505 259 657 316 annuus
674 261 810 310 osaias.
1015 247 1058 314 ⁸0

113 412 252 492 saeimrrs,
269 413 295 478 si
317 409 394 478 sorte
417 412 455 476 sit
477 411 541 498 ejus
565 434 695 496 persona
711 415 789 492 talis,
805 429 837 480 ut
855 415 897 480 illi
915 416 1059 483 labano

8 549 9 568 ,
114 499 305 573 reverentia3
328 512 390 574 aut,
414 519 484 562 cum
506 499 604 562 amice
630 499 741 583 aliquid
764 522 1004 582 commonemus,
1028 516 1059 568 st

8 627 10 654 ,
113 586 151 648 ad
166 584 365 648 concordiam
380 584 531 646 hortamur
547 605 554 644 :
577 585 659 682 quod
673 600 720 648 est
738 607 831 684 genus
846 587 965 670 egregie
980 603 1058 654 trac·

113 684 207 734 tatum
222 691 241 734 a
257 667 418 745 Passieno,
428 690 498 732 cum
513 667 670 732 Domitiae
685 692 787 734 uxoris
801 693 873 736 suae
889 672 1059 755 pecuniaria

82 755 167 818 alite
193 757 336 818 adversus
362 751 482 816 fratrem
506 753 572 838 ejus
594 755 814 820 Adnoburbum
828 771 954 840 ageret:
977 779 1058 836 nam,

8 843 9 850 ³
117 861 187 906 oum
199 842 237 904 de
251 838 472 902 necessitudine
488 839 578 904 multa
593 841 729 918 dixisset,
743 843 782 904 de
797 841 913 906 sorumu
928 863 1059 926 quoque,

8 925 10 1006 i
115 947 174 1010 qua
205 940 327 1008 uterque
357 924 536 1002 abundabat,
565 925 688 1010 adjecit,
713 927 816 990 Nilit
837 928 921 992 uobis
945 929 1059 1008 mass,

8 1043 10 1088 p
115 1011 206 1089 deest,
224 1031 315 1094 quam
330 1009 365 1070 de
382 1030 438 1092 quo
455 1012 644 1075 contenditis.

8 1089 10 1102 ⁴
160 1094 277 1158 Omnes
293 1109 392 1158 autem
408 1095 463 1158 hos
478 1096 616 1174 affectus,
633 1097 750 1162 etiamsi
765 1097 942 1182 quibusdem
957 1099 1061 1164 viden-
1122 1124 1125 1129 ·

85 1195 168 1244 ratur
190 1181 220 1242 in
241 1181 394 1263 prooemio
410 1194 496 1263 utque
512 1181 541 1244 in
556 1182 676 1266 epilogo
691 1183 796 1246 sedem
809 1184 935 1264 babere,
952 1184 982 1248 in
996 1183 1061 1265 qui·

120 1267 179 1330 bus
194 1286 265 1328 sane
282 1281 346 1328 sunt
360 1264 600 1349 frequentissimi,
618 1280 719 1330 tamen
733 1267 809 1330 alins
822 1289 943 1350 quoque
964 1282 1063 1350 partes

8 1421 9 1424 Ἴ
118 1350 279 1434 recipiunt,
297 1351 351 1414 sed
372 1350 540 1428 breviores,
556 1364 588 1414 ut
606 1373 677 1414 eum
696 1373 737 1414 ex
755 1351 791 1414 iis
813 1351 940 1434 plurima
956 1352 996 1416 sit
1014 1373 1063 1417 ros

119 1437 260 1502 eruenda.
310 1435 355 1500 At
370 1436 431 1512 hio,
449 1436 626 1518 siusquam,
643 1450 722 1500 totos
741 1435 931 1520 eloquentiae
946 1437 1063 1522 aperire

118 1521 216 1586 fontes
231 1521 314 1584 licet.
361 1520 440 1584 Nam
454 1543 495 1584 ex
510 1521 567 1598 his,
577 1521 604 1586 si
621 1521 841 1588 benediximus
856 1523 981 1608 relique,
992 1545 1063 1607 pos·

88 1607 253 1672 insidemus
264 1605 327 1691 jam
343 1605 478 1689 judicum
493 1607 607 1670 animos
622 1629 631 1669 :
653 1622 695 1684 et,
713 1606 896 1692 confragosis
910 1624 1000 1693 atque
1014 1631 1063 1674 as·

8 1703 9 1706 ’
119 1693 200 1778 peris
219 1692 332 1769 evecti,
349 1706 412 1756 tuto
436 1693 566 1774 pandere
589 1714 746 1776 possumus
761 1694 850 1757 vela:
873 1708 917 1770 et,
932 1715 1004 1756 cum
1025 1693 1065 1756 sit

119 1778 252 1844 maxima
267 1799 335 1861 pars
351 1777 460 1860 epilogi
475 1777 677 1860 amplificatio,
694 1779 794 1840 verbis
808 1792 898 1859 utque
912 1776 1065 1840 sententiis

121 1864 164 1926 uti
174 1863 249 1924 licet
264 1863 424 1944 magnificis
440 1876 528 1945 atque
544 1863 665 1925 ornatis.
706 1861 797 1924 Tunc
813 1875 860 1923 est
871 1881 1065 1928 commoven-

123 1947 196 2010 dum
219 1947 374 2024 theatmm,
391 1969 461 2010 oum
476 1960 598 2010 ventum
613 1961 660 2010 est
672 1948 712 2010 ad
725 1947 822 2031 ipsum
837 1946 921 2026 illud,
938 1967 998 2032 quo
1011 1967 1064 2012 ve·

8 2091 9 2098 ,
88 2047 202 2096 soteres
216 2033 385 2117 tragoediae
397 2033 634 2117 comoediaeque
645 2033 831 2112 clauduntur,
844 2033 1002 2099 Plaudite.
1028 2032 1066 2098 ln

122 2120 187 2185 eliis
209 2134 310 2183 autem
330 2118 461 2202 partibus
481 2121 651 2184 tractandus
666 2120 793 2183 affectus
808 2120 875 2196 erit,
893 2119 1066 2202 utquisque

8 2216 10 2291 ξ
122 2220 262 2269 nascetur
277 2226 285 2265 ι
308 2226 376 2267 nam
391 2226 488 2286 neque
501 2205 612 2287 exponi
628 2205 692 2267 sine
706 2205 766 2267 hoo
777 2226 827 2267 res
841 2218 961 2267 atroces
970 2216 1002 2265 et
1010 2203 1066 2265 mi·

123 2290 266 2355 serabiles
281 2289 415 2353 debent:
438 2310 508 2351 cum
523 2290 562 2351 de
578 2288 718 2370 qualitate
736 2287 859 2369 alicujus
874 2288 918 2349 rei
932 2286 1067 2369 quaestio

124 2390 181 2453 est,
199 2375 423 2461 probationibus
448 2372 680 2456 uniuscnjusque
701 2371 745 2433 rei
765 2384 851 2434 recte
872 2370 1065 2455 subjungitur.

8 2518 9 2545 ,
91 2460 190 2525 ssUbi
205 2483 279 2526 vero
295 2459 487 2546 conjunctam
501 2480 542 2521 ex
556 2456 689 2542 pluribus
703 2477 827 2521 osteum
840 2455 965 2541 agimus,
979 2456 1069 2522 etiem

125 2568 252 2611 necesse
276 2547 332 2610 erit
353 2546 395 2609 uti
419 2544 550 2629 pluribus
554 2543 650 2691 §⁰⁸⁸⁵
662 2542 792 2627 epilogis
807 2564 819 2605 ι
838 2557 872 2607 ut
891 2543 922 2607 in
937 2542 1069 2608 Verrem

583 2630 750 2707 lilodomo,
776 2643 808 2693 et
835 2630 1014 2709 nousrebs's,
1037 2645 1070 2698 st

8 2734 9 2777 ς
126 2719 272 2781 cruciatis
288 2716 404 2781 sisibuto
422 2716 580 2793 Romanis,
598 2730 630 2780 et
650 2715 714 2779 aliis
736 2715 869 2799 plurimis
890 2738 959 2783 erras
980 2716 1068 2782 lacri-

125 2824 190 2867 mas
206 2804 299 2868 dedit.
349 2802 439 2878 Sunt,
456 2802 509 2885 qui
528 2804 582 2867 hos
595 2814 707 2887 prauus
720 2810 856 2884 halym
868 2815 992 2878 vocent,
1008 2822 1070 2885 quo

8 2940 9 2969 3
93 2890 272 2972 spartarum
283 2889 505 2973 perorationem
520 2888 693 2972 significant.
727 2888 805 2953 Mihi
819 2912 879 2953 non
894 2903 955 2953 tam
970 2902 1070 2970 partes

8 2978 9 3053 j
127 2974 205 3059 ejus,
223 2996 313 3059 quam
335 2973 454 3057 species
476 2974 622 3037 videntur.
672 2976 831 3057 Siquidem
853 2988 885 3037 et
903 2973 1021 3053 epilogi
1039 2982 1071 3034 et

8 3062 9 3097 ³
125 3061 332 3143 proruisse
353 3058 472 3121 nomina
494 3058 557 3143 ipsa
580 3071 683 3141 aperte
704 3060 777 3121 satis
800 3056 971 3129 ostendmt,
993 3054 1070 3115 buno

132 3165 202 3209 esse
217 3144 501 3211 comnmmationem
515 3142 668 3208 orationis.
719 3138 797 3221 [vl.
817 3139 866 3217 1.]
