2459 4200
151 298 216 361 ¹84
445 310 481 354 rr.
503 310 596 355 enarr
614 306 837 361 eurnrrnraru

156 466 202 549 (ut
216 464 255 527 de
269 462 325 541 his,
343 461 481 546 aquibus
503 482 607 546 magna
628 461 657 523 in
678 462 737 523 hoc
757 482 826 545 pare
847 459 951 523 aetatis
966 460 1100 525 absumi·

151 564 209 627 tur,
225 548 356 632 taceam)
376 548 569 611 declamitare
586 548 615 609 in
630 546 744 623 schola,
763 559 920 611 errantum
940 544 1050 609 laboris
1066 546 1102 609 in

151 636 241 699 rebus
263 633 342 697 salsis
361 654 551 711 consumere,
570 654 639 695 cum
662 632 734 695 satis
756 631 794 695 sit
815 632 938 693 modico
960 645 1101 715 tempore

152 720 310 805 imaginem
325 720 388 782 veri
405 719 594 797 discriminis,
607 732 637 781 et
653 718 771 781 dicendi
785 717 867 801 leges
884 716 1101 801 comperisse?

151 804 248 879 Quod
265 826 323 868 non
340 805 421 883 dico,
439 805 505 889 quia
527 805 564 867 sit
586 824 714 902 uuquam
730 802 894 865 omittenda
909 802 1030 865 dicendi
1045 824 1127 874 err-5
1215 845 1227 898 ,⁴

154 892 302 969 ercitatio,
320 892 373 954 sed
391 891 532 975 quianon
549 890 586 952 sit
606 910 634 951 m
655 910 711 950 una
732 888 796 973 ejus
817 887 921 972 specie
937 910 1101 951 consenes-

154 978 292 1040 cendum.
333 975 585 1059 Cognoscere,et
598 989 762 1058 praecepta
774 972 894 1036 vivendi
909 974 1098 1057 perdiscere,

153 1076 184 1123 et
199 1062 227 1123 in
240 1060 304 1124 soro
320 1082 375 1123 uos
391 1060 520 1145 experiri
536 1060 698 1143 potuimus,
710 1060 781 1121 dum
796 1058 969 1122 scholastici
984 1080 1096 1121 sumus.

198 1146 348 1209 Discendi
378 1146 453 1209 ratio
480 1146 559 1225 talis,
582 1160 614 1208 ut
642 1166 702 1207 nou
732 1144 840 1207 multos
871 1165 963 1207 annos
993 1158 1103 1227 poseat

155 1232 319 1303 Quaelibet
341 1230 419 1295 enim
443 1254 483 1295 ex
509 1231 544 1295 iis
569 1231 692 1307 artibus,
710 1252 832 1314 quarum
857 1230 946 1291 habui
972 1228 1138 1298 mentio-10

154 1340 236 1395 nem,
255 1318 283 1381 in
300 1338 412 1403 paucos
427 1316 518 1381 libros
535 1317 669 1380 contrahi
684 1316 761 1379 solet
777 1338 784 1375 ε
808 1316 885 1378 adeo
901 1314 1014 1377 infinito
1030 1337 1102 1399 spa·

155 1404 198 1467 tio
213 1426 249 1466 ac
266 1404 421 1466 traditione
437 1424 513 1487 opus
529 1425 586 1465 non
604 1416 659 1465 est.
707 1401 839 1485 Reliqua
853 1414 910 1478 cst,
928 1422 1004 1484 quae
1020 1401 1102 1464 vires

155 1488 217 1549 cito
233 1488 314 1562 lacit,
332 1490 529 1551 consuetudo.
577 1488 695 1551 Rerum
716 1488 846 1570 cognitio
862 1486 994 1570 quotidie
1015 1506 1101 1549 cres·

154 1572 208 1647 cit,
227 1586 256 1633 et
272 1587 371 1633 tamen
386 1594 474 1654 quam
491 1574 648 1633 multorum
664 1574 701 1636 ad
718 1594 785 1634 eam
804 1572 945 1634 librorum
960 1591 1103 1634 necessa·

152 1656 198 1719 ria
220 1655 310 1717 lectio
332 1668 389 1731 est,
408 1655 515 1738 quibus
537 1669 585 1716 aut
606 1676 703 1717 rerum
725 1657 865 1741 exempla
883 1656 919 1719 ab
936 1657 1100 1736 historicis,
1111 1680 1137 1725 ιε
1225 1683 1227 1750 ὲ

156 1756 205 1805 aut
236 1741 354 1804 dicendi
384 1740 422 1803 ab
453 1739 618 1802 oratoribus
649 1757 795 1822 petuntur.
844 1742 1103 1826 Philosophorum

156 1849 276 1913 quoque
303 1826 565 1910 consultorumque
588 1824 755 1909 opiniones,
779 1828 866 1891 sicuti
888 1827 957 1907 alia,
973 1828 1102 1892 velimus

153 1914 257 1996 legere
273 1912 474 1975 necessarium
491 1926 546 1975 est.
916 1964 919 1970 .

200 1997 290 2068 Quae
314 1997 433 2079 quidem
463 2016 622 2079 possumus
652 1994 774 2057 omnia:
806 1998 860 2059 sed
888 1998 982 2060 breve
1012 1998 1102 2061 nohis

151 2096 273 2166 tempus
295 2103 349 2143 nos
368 2080 504 2144 iacimus.
553 2079 738 2152 Quantulum
761 2080 839 2142 enim
863 2084 966 2145 studiis
989 2084 1137 2168 impar-m

157 2167 272 2232 timur?
322 2165 405 2229 Alias
422 2167 509 2230 horas
526 2189 616 2230 vanus
635 2165 781 2230 salutandi
801 2166 895 2244 labor,
913 2167 985 2230 alias
1000 2171 1104 2233 datum

156 2253 263 2318 sabulis
287 2253 391 2331 otium,
410 2253 480 2316 alias
508 2254 692 2338 spectacula,
710 2252 781 2315 alias
805 2252 943 2315 convivia
970 2253 1102 2315 trahunt.

157 2339 274 2424 Adjice
290 2353 333 2402 tot
348 2359 456 2423 genera
477 2338 608 2416 ludendi,
626 2355 657 2401 et
675 2339 806 2401 insanam
823 2337 957 2421 corporis
974 2359 1076 2400 curam
1095 2360 1106 2414 ;

154 2428 254 2490 trahat
270 2427 338 2488 inde
354 2425 564 2510 peregrinatio,
579 2445 657 2500 rura,
671 2424 854 2486 calculorum
869 2423 976 2486 anxia'e
992 2422 1107 2485 sollici·

154 2513 287 2589 redimes,
305 2511 414 2573 multae
436 2531 545 2573 causae
566 2509 730 2585 libidinum,
749 2524 779 2571 et
799 2510 912 2587 vinum,
930 2524 961 2572 et
976 2507 1141 2591 flagitio-25

159 2621 209 2661 sus
235 2595 315 2659 omni
342 2617 451 2678 genere
479 2596 661 2679 voluptatum
688 2595 826 2657 animus:
858 2617 895 2656 ne
923 2616 958 2656 ea
982 2595 1109 2678 quidem

159 2695 294 2762 tempora
318 2681 436 2756 idonea,
455 2701 531 2761 quae
555 2694 721 2762 supersunt.
771 2680 860 2750 Quae
878 2680 905 2742 si
924 2680 1024 2742 omnia
1043 2694 1109 2742 stu·

155 2764 215 2826 diis
231 2764 483 2845 impenderentur,
497 2764 561 2845 jam
577 2763 662 2823 nobis
677 2764 764 2844 longa
780 2779 860 2824 aetas
877 2779 907 2824 et
922 2766 1040 2827 abunde
1056 2787 1109 2828 sa-

160 2849 197 2912 tis
220 2846 454 2908 addiscendum
478 2848 570 2928 spatia
593 2845 774 2922 viderentur,
792 2847 840 2907 vel
864 2847 966 2908 diurna
989 2857 1111 2914 tantum

159 2931 399 3018 computantibus
418 2944 576 3014 tempora:
602 2944 632 2993 et
654 2945 772 3009 noctes,
789 2950 913 3015 quarum
934 2931 1012 2994 bona
1034 2954 1140 3017 parsu
1225 2928 1226 2933 ’

161 3019 241 3084 omni
266 3037 371 3082 somno
395 3017 510 3101 longior
533 3033 589 3096 est,
607 3015 789 3102 adjurarent.
835 3015 924 3079 Nunc
948 3034 1105 3103 computa·

157 3129 227 3170 ,mus
243 3127 347 3182 annos,
365 3125 424 3167 nou
443 3104 548 3188 quibus
572 3103 748 3181 studuimus,
766 3104 820 3166 sed
838 3103 943 3186 quibus
964 3105 1099 3169 viximus.

160 3179 229 3254 Nec
253 3213 326 3254 vero
349 3191 373 3253 si
396 3189 580 3252 Geornetrae
604 3205 634 3252 et
658 3188 855 3252 Grammatiei
879 3205 1103 3274 ceterarumque

157 3277 267 3338 artium
284 3275 467 3362 professores
484 3295 604 3338 omnem
621 3294 704 3338 suam
720 3275 823 3352 vitam,
841 3275 1002 3359 quamlibet
1018 3277 1104 3358 longa

163 3357 261 3436 suerit,
278 3361 307 3421 in
330 3361 450 3442 singulis
467 3361 575 3424 artibus
592 3376 829 3438 consumserunt,
847 3361 979 3444 sequitur
993 3375 1023 3423 ut
1039 3361 1137 3444 plu-35
1225 3426 1226 3429 ,

162 3467 213 3510 res
229 3445 371 3530 quasdam
388 3446 462 3508 vitas
478 3449 515 3508 ad
532 3448 615 3531 plura
632 3447 776 3510 discenda
791 3447 1003 3510 desideremus.
1040 3444 1102 3508 Ne

159 3554 222 3616 que
239 3531 278 3594 illi
291 3529 455 3593 didicemnt
471 3531 544 3593 haec
558 3555 650 3616 usque
665 3533 694 3594 in
709 3547 907 3610 senectutem,
919 3533 973 3596 sed
989 3553 1025 3594 ea
1041 3530 1104 3596 sola

162 3615 306 3681 didicisse
323 3615 452 3679 contenti
473 3614 600 3692 suerunt,
619 3640 655 3681 ac
675 3632 722 3682 tot
738 3639 831 3681 annos
853 3618 881 3679 in
904 3618 1027 3696 utendo,
1045 3639 1103 3680 non

163 3701 195 3764 iu
212 3701 407 3788 percipiendo
424 3701 631 3765 exhauserunt.

1220 3655 1227 3682 ’3

1225 1777 1227 1894 l

1221 1955 1227 2088 t
