2459 4200
184 261 228 332 26
472 275 509 320 u.
529 275 625 322 rann
642 275 866 332 onrarrnretrr

206 429 262 494 ulis
288 446 479 511 cognoscas:
509 447 635 511 quorum
664 425 902 510 diligentissimus
924 425 954 490 iu
976 426 1132 494 tradendo

184 451 295 578 itariae
317 511 371 576 suit
393 512 433 578 C.
453 511 589 596 Valgius,
608 511 730 576 Graece
751 510 883 576 Atticus.
929 510 1010 576 Nam
1033 513 1131 596 ipsius

184 598 248 662 sola
262 597 380 664 videtur
395 598 458 664 Ars
481 597 562 664 edita
583 597 622 660 ad
645 594 786 674 Matium,
803 596 871 680 quia
893 610 1010 663 ceteras
1034 599 1132 666 missa

184 684 222 748 ad
244 681 416 750 Domitium
445 682 572 772 epistola
600 703 661 746 non
747 680 835 746 oscit-
883 680 976 749 Plura
1004 683 1133 767 scripsit

184 766 379 916 {heudone
396 768 481 855 cujus
504 767 670 834 auditorem
727 787 910 850 ermagoram
933 780 1000 834 sunt
1015 768 1072 852 qui
1087 767 1152 834 riu

205 867 291 920 erint.

228 937 436 1005 Romanorum
465 937 577 1022 primun
603 935 755 1019 (quantum
784 955 842 1018 ego
864 936 984 1018 quidem
1012 936 1128 1020 eciam)

183 1022 317 1086 condidit
331 1024 428 1107 aliqua
443 1023 472 1085 in
495 1023 551 1085 hac
568 1021 689 1084 materia
708 1018 755 1080 M.
774 1019 855 1083 Ceto
870 1021 920 1086 illa
942 1019 1128 1099 censorius,

182 1119 252 1190 post
265 1105 312 1170 M.
329 1107 480 1172 Antonius
491 1105 653 1170 inchoavit.
686 1103 765 1169 Nam
775 1105 835 1168 hoo
847 1105 944 1171 solum
955 1127 1035 1191 opus
1047 1105 1129 1206 ejus,

182 1203 271 1275 atque
294 1192 324 1256 id
350 1193 447 1276 ipsum
477 1189 697 1276 imperfectum,
720 1202 831 1252 manet.
889 1189 998 1256 Secutl
1028 1211 1162 1256 mmrrstt

183 1275 342 1342 celebres:
366 1297 490 1361 quorum
513 1275 699 1351 memoriam,
716 1274 817 1420 siquo
839 1272 909 1339 loco
931 1297 979 1344 res
1044 1290 1129 1353 scot,

182 1381 242 1422 non
258 1362 401 1426 omittam.
449 1360 652 1448 Praecipuum
667 1379 740 1423 vero
774 1380 861 1422 umen
883 1359 959 1424 sicut
980 1381 1132 1442 eoquen-

182 1443 253 1520 tiae,
271 1446 311 1508 ita
326 1466 436 1528 praece
459 1445 496 1510 tis
511 1465 631 1528 quoque
646 1443 724 1528 ejus,
740 1443 824 1506 dedit
838 1443 956 1506 unicum
971 1443 1054 1526 apud
1069 1465 1131 1511 noa

183 1528 337 1610 specimen
359 1467 474 1605 orandi,
493 1529 681 1611 docendique
702 1528 845 1592 oratorias
868 1541 957 1605 artes,
975 1526 1023 1591 Μ.
1046 1527 1130 1596 Tut-

182 1611 259 1676 liusr
291 1625 471 1697 postquem
496 1625 597 1676 tacere
627 1613 880 1677 modestissimum
900 1611 990 1690 soret,
1013 1612 1074 1678 niei
1098 1627 1162 1682 atta

182 1697 347 1762 rhetoricos
363 1720 433 1763 suos
457 1697 521 1782 ipse
539 1696 721 1761 adolescenti
743 1697 798 1760 sibi
814 1699 933 1782 elapsos
949 1698 1081 1776 diceret,
1097 1713 1131 1767 ot

182 1781 212 1846 in
224 1784 359 1851 oratoriis
370 1783 446 1850 haec
457 1783 584 1861 minora,
597 1803 674 1866 quae
685 1782 818 1867 plerique
830 1783 1012 1860 desiderant,
1025 1783 1129 1852 sciona

181 1867 342 1932 omisisset.
392 1868 522 1952 Scripsit
537 1869 575 1932 de
591 1868 698 1931 eedem
716 1868 837 1933 materia
855 1889 916 1932 non
971 1889 1030 1933 uca
1045 1869 1127 1933 Cor·

180 1950 308 2029 nificius,
327 1953 428 2036 eliqua.
440 1953 610 2030 Stertinius,
627 1953 758 2015 nonnihil
779 1966 865 2035 pater
883 1951 933 2020 Ga
957 1954 1009 2018 'or
1033 1974 1128 2017 accu-
1210 2006 1211 2023 2

180 2035 270 2101 ratius
285 2057 359 2101 vero
373 2037 488 2121 priores
505 2036 645 2101 Gallione
660 2036 772 2102 Celsus
783 2048 813 2102 et
828 2035 962 2117 Laenas,
975 2051 1007 2104 et
1018 2037 1158 2105 aetatisat

179 2134 300 2184 nostrae
313 2122 477 2204 Virginius,
490 2121 619 2199 Plinius,
632 2120 772 2186 Tutilius.
814 2120 893 2186 Sunt
905 2137 935 2187 et
946 2124 1040 2189 hodio
1051 2123 1127 2192 elui

181 2206 317 2291 ejusdem
332 2206 430 2291 operis
446 2220 583 2270 auctores
598 2226 606 2282 ;
629 2206 679 2289 qui
695 2207 720 2272 si
732 2207 831 2271 omnia
846 2208 998 2291 complexi
1010 2208 1124 2287 forent,
1209 2211 1210 2246 Τ

180 2292 398 2357 consuluissent
420 2292 513 2357 labori
529 2313 619 2355 meo:
643 2292 698 2356 sed
719 2314 813 2377 parco
834 2293 1001 2359 nominibus
1017 2296 1124 2363 vireu·

179 2376 275 2455 tium;
297 2378 397 2443 veniet
420 2400 524 2443 eorum
546 2378 626 2441 laudi
648 2400 735 2441 suum
757 2392 897 2476 tempus:
920 2379 959 2441 ad
981 2394 1125 2464 posteros
1208 2401 1209 2444 t

179 2463 258 2525 enim
274 2463 365 2525 virtus
382 2461 509 2539 durabit,
525 2482 586 2523 non
595 2463 756 2543 perveniet
770 2462 889 2525 invtdia.
1130 2486 1155 2527 at

221 2544 292 2607 Non
307 2558 407 2607 tamen
420 2556 492 2641 post
506 2555 552 2605 tot
563 2564 598 2605 ac
611 2557 708 2606 tantos
721 2544 882 2626 scriptores
897 2544 1011 2628 pigebit
1021 2568 1126 2615 meam

178 2627 355 2712 quibusdam
369 2628 444 2691 locrs
465 2626 603 2712 posuisse
618 2628 805 2692 sententiam.
853 2628 961 2712 Neque
976 2631 1058 2698 enim
1072 2654 1126 2715 ma

178 2712 334 2797 cujusdam
356 2725 470 2791 sectae,
494 2712 576 2777 velut
597 2714 726 2797 quadam
747 2714 956 2798 superstitione
977 2715 1123 2796 imbutus,

178 2797 302 2862 addixit
325 2811 356 2865 et
370 2798 508 2863 electuris
524 2818 600 2882 quaa
614 2799 717 2865 volent
739 2798 877 2865 facienda
891 2800 980 2886 copia
995 2801 1062 2882 suit,
1081 2803 1122 2871 si·

178 2895 230 2945 cut
251 2881 316 2965 ipse
338 2882 464 2968 plurium
483 2884 619 2947 inunum
640 2883 764 2948 confero
786 2885 927 2964 inventa3
949 2886 1157 2972 ubicumque»

177 2966 295 3051 ingenio
310 2968 441 3123 noqurit
455 2970 552 3048 locus,
567 2990 658 3053 outae
671 2970 873 3038 testimonium
887 2972 1032 3038 meruisse
1044 2992 1122 3039 oon·

176 3066 285 3121 tantus.
336 3059 355 3139 [Ι
409 3056 485 3135 .1.]

1044 3252 1058 3281 ·
