2459 4200
336 296 815 353 sunnonaounnauorrrrr.
880 368 890 381 „
1010 285 1071 351 stt

171 446 263 513 Haec
279 449 374 533 magis
390 450 487 516 adhuc
508 451 682 535 astringunt,
698 453 749 536 qui
771 456 946 519 memoriam
965 455 1004 519 tlt
1018 456 1072 521 ali·

126 556 187 618 quo
201 532 292 597 simili
307 534 485 599 transierunt
505 537 542 601 ad
563 536 605 614 id,
622 539 704 621 quod
722 538 933 603 continendum
948 556 1017 605 est:
1041 557 1073 607 ut

23 644 29 651 ·
125 620 156 683 in
170 618 353 697 nominibus,
370 621 395 685 si
412 622 530 685 Fabius
544 622 622 687 sorta
636 622 674 687 sit
689 626 845 703 tenendus,
856 624 1017 689 reseramus
1032 627 1072 693 ad

125 705 208 769 illum
225 705 451 785 Cunctatorem,
463 708 513 791 qui
526 708 668 773 excidere
682 730 741 771 non
757 723 857 793 potest
872 727 880 771 t
903 725 953 774 aut
968 713 1006 774 ad
1019 712 1071 775 nli·

89 810 104 849 a
126 812 219 874 quem
234 791 375 867 amicum,
393 793 443 876 qui
459 793 539 857 idem
554 810 692 857 vocetur.
740 794 835 865 Quod
850 810 897 859 est
911 795 1026 860 facilius
1041 798 1072 861 iu

33 928 41 961 r
127 875 237 959 Apris,
255 891 284 939 et
306 874 337 939 in
364 874 460 955 Ursis,
477 893 507 942 at
528 878 669 957 Neroua,
686 890 737 943 aut
763 878 886 963 Crispe,
903 894 935 943 ut
956 881 987 944 id
1008 895 1073 945 me·

125 962 242 1025 moriae
258 962 401 1045 affigatur,
420 965 498 1028 tunde
513 978 581 1029 sunt
598 966 728 1029 nomina.
775 964 869 1049 Origo
884 984 1004 1065 quoque
1019 965 1072 1030 ali·

125 1048 245 1131 quando
262 1047 476 1113 declinatorum
491 1050 611 1113 tenendi
626 1051 718 1134 magis
733 1072 824 1115 causa
839 1066 896 1129 est,
907 1065 940 1115 ut
954 1075 983 1115 m
999 1052 1071 1116 Olc-

126 1152 227 1206 erorte‚
252 1133 370 1210 Verrio,
388 1133 529 1211 Aurelio,
547 1136 571 1197 si
587 1130 700 1199 debent
715 1137 813 1200 inseri.

91 1234 118 1275 m
171 1217 250 1280 Illud
266 1218 414 1281 neminem
428 1240 488 1281 non
499 1218 628 1303 juvabit,
645 1222 763 1297 iisdem,
780 1222 886 1303 quibus
904 1222 1068 1304 scripserit,

126 1303 205 1365 ceris
221 1302 369 1367 ediscere.
419 1304 562 1389 Sequitur
576 1305 655 1367 enim
671 1306 803 1388 vestigiis
817 1306 992 1388 quibusdam
1006 1327 1070 1367 me·
1149 1308 1152 1316 '

125 1388 264 1465 moriam,
282 1402 313 1451 et
327 1389 408 1453 velut
423 1390 519 1453 oculis
535 1390 663 1453 intuetur
679 1412 740 1453 non
754 1390 875 1473 paginas
894 1391 998 1469 modo,
1014 1390 1070 1455 sed

126 1494 231 1537 versus
248 1493 343 1557 prope
359 1474 452 1558 ipsos,
470 1475 597 1559 quitum
614 1472 698 1554 dicit,
712 1475 814 1539 similis
830 1476 949 1559 legenti.
996 1475 1019 1539 J
1021 1495 1070 1539 am

127 1578 200 1621 vero
216 1558 241 1621 si
256 1559 340 1622 litura
354 1573 404 1623 aut
424 1560 556 1645 adjectio
576 1561 672 1645 aliqua
694 1576 783 1645 atque
802 1561 925 1625 mutatio
939 1562 1069 1626 interve·

92 1643 198 1719 ueniat,
216 1644 299 1726 signa
321 1659 388 1708 sunt
407 1640 566 1730 quaedam,
583 1665 661 1731 quae
683 1646 830 1713 intuentes
848 1650 987 1712 deerrare
1003 1667 1069 1730 non

125 1746 296 1812 possumus.

171 1811 262 1876 Haec
278 1814 364 1891 ratio,
381 1829 413 1878 ut
433 1829 479 1878 est
497 1815 549 1893 illi,
567 1815 605 1878 de
621 1833 679 1899 qua
701 1816 827 1898 primum
848 1810 967 1877 locutus
988 1830 1066 1890 sum,

125 1898 184 1961 arti
202 1919 262 1960 noo
277 1897 437 1972 dissimilis,
454 1900 506 1976 ita,
523 1900 548 1962 si
568 1900 640 1982 quid
663 1918 711 1961 me
734 1899 940 1982 experimenta
954 1897 1067 1961 docue-

124 1996 206 2059 ruut,
224 1996 253 2045 et
268 1982 434 2070 expeditior
453 1998 483 2047 et
504 1984 663 2069 potentior.
711 1980 861 2049 Ediscere
877 1983 967 2047 tacite
985 1980 1069 2067 (nem

91 2066 158 2130 oid
181 2087 297 2152 quoque
328 2085 374 2134 est
396 2070 574 2155 quaesitum)
601 2086 665 2134 erat
686 2070 843 2155 optimum,
860 2070 886 2134 si
907 2086 967 2135 non
987 2069 1068 2135 subi·-

126 2167 192 2216 rant
202 2154 283 2218 velut
295 2155 423 2219 otiosum
438 2157 567 2220 animum
582 2157 756 2239 plerumque
771 2158 846 2219 aliae
858 2152 1065 2238 cogitationes,

126 2252 249 2321 propter
263 2259 337 2323 quas
353 2240 527 2320 excitandus
543 2249 590 2302 est
603 2259 694 2314 voce,
711 2254 744 2302 ut
759 2238 870 2321 duplici
884 2254 966 2300 motu
977 2239 1067 2319 juve·

126 2335 173 2384 tur
194 2325 348 2402 memoria,
366 2323 485 2388 dicendi
508 2323 708 2386 stabiliendi.
758 2317 825 2384 Sed
846 2322 923 2382 haec
945 2337 1007 2381 vox
1029 2320 1068 2384 sit

126 2408 258 2487 modica,
278 2423 309 2472 et
337 2411 430 2492 magis
460 2424 603 2470 murmur.
650 2405 713 2476 Qui
739 2418 839 2466 autem
863 2403 982 2486 legente
1006 2402 1068 2467 alio

91 2492 245 2571 assuisse,
269 2494 297 2556 in
326 2509 409 2576 parte
435 2493 577 2568 tardatur,
594 2491 675 2574 quod
701 2489 800 2552 acrior
825 2501 873 2551 est
897 2487 1066 2567 oculorum,

124 2597 214 2660 quam
229 2579 343 2640 aurium
358 2600 461 2640 seusus
478 2599 485 2637 ε
508 2576 538 2638 in
554 2589 638 2659 parte
648 2573 746 2659 juvari
761 2587 874 2657 potest,
889 2573 984 2656 quod,
997 2587 1068 2636 oum
1168 2609 1171 2614 -

123 2662 219 2724 semel
235 2674 285 2722 aut
300 2661 345 2722 bis
360 2661 495 2737 audierit,
510 2660 653 2724 contiuuo
667 2659 707 2722 illi
724 2659 900 2723 memoriam
914 2675 997 2722 suam
1012 2675 1066 2722 ex·

122 2744 215 2830 periri
233 2743 316 2822 licet,
334 2758 364 2807 et
384 2763 452 2808 eunt
474 2745 590 2828 legente
612 2745 807 2815 contendere.
854 2743 933 2808 Nam
948 2758 978 2808 et
993 2744 1066 2808 elio·

123 2829 175 2913 qui
190 2827 220 2892 id
236 2829 365 2894 maxime
381 2825 548 2894 iaciendum
563 2845 621 2909 est,
639 2845 671 2894 ut
684 2853 739 2894 nos
754 2831 879 2894 subinde
894 2845 1041 2894 tentemus
1057 2845 1065 2891 t

90 2914 193 2997 eoquia
208 2915 347 2981 continua
366 2916 467 2992 lectio,
485 2931 515 2980 et
530 2937 605 3001 quae
625 2917 731 3002 magis,
748 2931 778 2978 et
793 2937 870 2998 quae
885 2916 980 2978 mium
990 2917 1065 2978 bae·

121 3013 201 3077 rent,
226 3003 388 3083 aequaliter
417 3004 530 3066 transit.
579 3001 615 3063 In
646 2999 844 3083 experiendo,
865 3013 1019 3073 teneasne,
1036 3011 1069 3060 et

123 3084 221 3169 major
242 3084 364 3150 intentio
387 3101 445 3163 est,
466 3100 496 3148 et
518 3085 588 3148 nihil
610 3081 788 3167 supervacui
810 3080 955 3163 temporis
976 3079 1065 3162 perit,

123 3187 184 3254 quo
201 3168 302 3246 etiam,
318 3191 395 3255 quae
410 3185 557 3246 tenemus,
574 3166 670 3252 repeti
692 3165 814 3230 solent:
837 3164 878 3227 ita
897 3157 972 3240 sola,
990 3178 1068 3248 quae

123 3253 312 3334 exciderunt,
329 3270 535 3333 retractantur,
552 3269 583 3318 ut
599 3254 705 3318 crebra
724 3249 877 3314 iteratione
892 3250 1066 3314 firmentur:

90 3355 292 3424 acquanquam
308 3341 406 3404 solent
420 3342 480 3404 hoc
496 3342 563 3424 ipso
584 3339 715 3403 maxime
730 3337 864 3415 haerere,
881 3337 962 3422 quod
983 3329 1067 3401 exei-

125 3423 240 3488 derunt
289 3425 368 3490 Illud
391 3427 556 3491 ediscendo
578 3424 798 3507 scribendoque
819 3439 980 3486 commune
1007 3437 1066 3499 est,

124 3510 238 3594 utrique
262 3512 419 3595 plurimum
442 3510 579 3576 conterre
605 3511 714 3572 bonam
740 3508 952 3586 valetudinem,
969 3508 1066 3590 digera
1104 3519 1109 3523 ’

125 3605 187 3658 turn
203 3596 316 3677 cibum,
333 3598 463 3662 animum
479 3595 707 3681 cogitationibus
722 3595 786 3659 aliis
800 3595 935 3660 liberum.
