2459 4200
159 253 202 316 02
445 266 483 311 rr.
502 263 599 310 ranst
617 261 841 318 aurnrrntrnr

158 419 236 484 sicut
256 437 346 481 namo
368 415 546 480 dubitaverit
574 415 681 481 muns
703 435 772 478 esse
793 433 912 490 causas,
935 410 965 474 in
991 411 1099 495 quibus

157 503 236 566 nullo
252 502 323 566 loco
338 503 376 567 sit
390 501 571 580 necessaria,
589 501 614 564 si
630 501 738 564 breves
760 512 791 562 et
811 499 963 582 simplices
978 496 1096 561 suerint.

157 587 248 652 Haeo
265 609 334 686 pars
347 586 551 670 perorationis
562 585 731 651 accusatori
746 601 930 668 patronoque
945 603 1099 666 exaequo

156 693 323 737 communia
339 687 395 736 est.

194 758 367 822 Affectibns
379 778 498 843 quoque
510 756 616 820 iisdem
629 755 692 820 scre
702 770 818 820 utuntur
832 776 840 816 ι
856 756 910 819 sed
925 753 1018 817 rarius
1033 753 1123 830 lric,o

156 843 206 906 illa
220 845 340 928 saepius
355 865 391 908 ac
407 843 511 926 magis.
557 841 637 906 Nam
651 842 720 905 buic
735 840 888 904 concitare
906 839 1039 924 judices,
1056 837 1100 902 illi

156 927 279 992 flectere
301 929 451 994 convenit.
499 926 614 990 Verum
638 941 669 990 et
689 940 847 990 accusator
868 926 958 988 habet
979 924 1102 994 interim

155 1013 292 1078 lacrimas
316 1035 356 1078 ex
378 1013 568 1078 miseratione
590 1012 655 1097 ejus
677 1012 732 1089 rei,
749 1033 838 1094 quam
860 1009 1034 1073 ulciscitur:
1066 1023 1101 1074 et

154 1119 222 1162 reus
245 1100 284 1162 de
306 1099 477 1183 indignitate
500 1098 664 1162 calumniae
686 1095 912 1180 conspirationis
934 1095 1098 1158 vehemen-

155 1183 211 1246 tius
228 1184 344 1248 interim
360 1185 500 1268 queritur.
541 1182 690 1246 Dividere
706 1182 791 1265 igitur
806 1183 881 1244 haec
897 1181 996 1242 officia
1011 1201 1133 1243 com-ra

156 1269 374 1348 modissimum,
394 1291 470 1354 quae
493 1269 668 1353 plerumque
691 1284 769 1344 sunt,
786 1281 818 1329 nt
840 1266 913 1343 dixi,
938 1267 1097 1349 prooemio

155 1354 273 1430 similia,
290 1357 343 1418 sed
359 1356 508 1430 liberiora,
526 1355 730 1436 plenioraque.
776 1351 934 1414 Inclinatio
950 1351 1029 1413 enirn
1045 1349 1095 1436 ju·

155 1437 256 1500 dicum
278 1440 314 1500 ad
337 1460 391 1501 nos
415 1441 523 1520 petitur
545 1437 627 1498 initio
650 1437 778 1519 parcius,
795 1458 865 1498 cum
886 1436 1001 1498 admitti
1023 1439 1095 1500 satia

154 1533 211 1596 est,
229 1536 260 1583 ct
282 1522 377 1583 oratio
400 1535 461 1584 tuta
484 1535 642 1602 superest:
666 1520 696 1582 in
718 1520 837 1603 epilogo
853 1542 926 1586 vero
949 1536 1005 1596 est,
1022 1543 1094 1605 qua·

153 1603 213 1666 lem
231 1605 361 1667 animum
378 1604 475 1689 judex
490 1605 518 1667 in
534 1605 690 1668 consilium
706 1604 793 1683 serat,
809 1621 840 1669 et
857 1605 922 1690 jam
941 1607 1011 1669 nibil
1031 1628 1131 1670 amus

153 1688 230 1772 plius
257 1689 363 1753 dicturi
393 1711 506 1768 sumus,
527 1711 585 1752 nec
612 1704 715 1767 restat,
736 1711 797 1773 quo
823 1713 988 1754 servemus.
1034 1689 1095 1756 Est

154 1773 240 1857 igitur
261 1775 393 1859 utrisque
422 1797 593 1852 commune,
611 1776 772 1840 conciliare
801 1776 870 1853 sibi,
890 1791 1025 1839 avertere
1054 1778 1095 1840 ab

153 1860 323 1924 adversario
345 1859 493 1944 judicem,
510 1861 665 1924 concitare
686 1862 824 1938 affectus,
842 1876 872 1924 et
894 1882 1090 1945 componere.

152 1942 195 2005 Et
217 1945 423 2008 brevissimum
446 1947 567 2029 quidem
590 1947 649 2008 boc
675 1961 869 2029 praeceptum
892 1945 954 2009 dari
977 1947 1094 2030 utrique

154 2028 228 2112 parti
251 2042 362 2111 potest,
387 2045 419 2093 ut
440 2044 518 2092 totas
541 2051 651 2092 causae
673 2031 751 2094 vires
774 2046 873 2094 orator
898 2045 964 2093 ante
985 2033 1127 2096 oculosso

151 2128 265 2195 ponat:
296 2129 338 2192 et,
362 2137 431 2179 cum
455 2114 572 2192 viderit,
597 2115 667 2198 quid
690 2116 886 2193 insidiosam,
902 2114 1091 2197 favorabile,

151 2199 294 2277 biviram,
312 2201 482 2263 miserabile
505 2214 555 2263 aut
577 2200 615 2263 sit
637 2201 666 2263 in
688 2201 789 2279 rebus,
805 2217 855 2265 aut
869 2200 961 2263 videri
984 2203 1090 2284 possit,

152 2304 187 2347 ea
203 2286 295 2364 dicat,
313 2287 430 2370 quibua,
447 2286 471 2350 si
492 2286 587 2370 judex
609 2301 700 2363 esset,
717 2287 782 2371 ipse
803 2286 932 2349 maxime
953 2308 1091 2351 movere·

151 2384 207 2433 tur.
258 2371 323 2436 Sed
339 2374 448 2437 certius
464 2386 510 2435 est
525 2373 567 2435 ire
584 2394 638 2453 per
653 2373 776 2454 singula.

194 2454 237 2517 Et
251 2476 328 2537 quae
344 2457 503 2519 conciliant
518 2456 640 2536 quidem
661 2470 879 2532 accusatorem,
896 2456 925 2517 in
944 2478 1127 2540 praecep-ss

150 2538 187 2601 tis
210 2538 325 2599 exordii
344 2537 407 2619 jam
431 2537 570 2597 diximus.
618 2536 777 2604 Quaedam
800 2552 910 2614 tamen,
930 2562 1007 2623 quae
1030 2542 1090 2605 illic

150 2620 309 2683 ostendere
325 2620 395 2682 satis
411 2633 468 2694 est,
486 2620 515 2679 in
531 2620 719 2701 peroratione
734 2622 883 2704 implenda
899 2639 967 2687 sunt
980 2628 1086 2710 magis,

150 2704 174 2767 si
199 2718 301 2765 contra
325 2703 531 2787 impotentem,
555 2703 693 2781 invisum,
717 2707 929 2787 perniciosum,
948 2728 1089 2795 suscepta

150 2808 240 2851 cansa
256 2802 325 2862 est3
349 2788 373 2850 si
392 2787 543 2872 judicibus
566 2789 638 2872 ipsis
661 2803 710 2852 eut
732 2790 842 2872 gloriae
863 2794 1012 2857 damnatio
1031 2796 1092 2875 rei,

149 2887 196 2935 aut
212 2870 391 2935 deformitati
414 2872 509 2935 sutura
531 2874 689 2937 absolutio.
735 2874 814 2937 Nam
837 2878 954 2960 egregie
976 2880 1006 2940 in
1022 2880 1127 2945 vat-a
1220 2858 1225 2872 ι

149 2958 249 3021 tioium
273 2956 399 3035 Calvae,
418 2958 559 3038 Factum,
582 2959 686 3044 inquit,
703 2961 847 3023 ambitum
868 2963 952 3024 scitis
974 2984 1085 3043 omnes,

147 3054 174 3106 ot
188 3045 243 3107 boc
259 3067 309 3109 oos
324 3046 401 3108 scire
418 3066 517 3108 omnes
539 3048 650 3109 sciant.
697 3046 810 3111 Cicero
825 3047 945 3131 quidem
961 3048 991 3109 in
1007 3049 1088 3114 Ver·

147 3152 210 3193 rem
231 3132 320 3195 etiam
336 3132 491 3195 emendari
505 3154 588 3215 posse
610 3130 772 3215 insontium
788 3133 981 3217 judiciorum
1001 3135 1087 3198 darn·

147 3225 217 3275 noto
233 3237 283 3277 reo
299 3218 392 3278 dicit:
416 3220 497 3298 quod
513 3233 558 3281 est
574 3242 662 3282 unum
679 3241 718 3281 ex
733 3240 821 3303 supra
838 3219 936 3283 dictis.
984 3218 1086 3285 Metus

146 3297 248 3373 ctiam,
267 3300 291 3360 si
307 3314 354 3362 est
369 3301 566 3378 adhibendus,
583 3318 614 3365 ut
629 3302 719 3367 saciat
733 3304 825 3381 idem,
842 3305 921 3367 hunc
937 3306 1028 3370 habet
1042 3307 1123 3369 loss

147 3402 215 3443 cum
239 3381 403 3460 fortiorem,
426 3406 515 3466 quarn
538 3386 566 3448 in
589 3390 756 3471 prooemio.
803 3389 874 3459 Qua
898 3390 936 3453 de
959 3413 991 3453 re
1013 3392 1085 3475 quid

147 3467 300 3543 sentirem,
318 3467 376 3529 alic
387 3467 451 3551 jam
467 3470 541 3532 libro
558 3475 695 3555 exposui.

189 3552 351 3617 Concitare
371 3573 488 3635 quoque
512 3554 663 3636 invidiam,
680 3559 793 3637 odium,
810 3559 895 3637 iram,
912 3561 1031 3625 liberius
1055 3563 1084 3626 in

1219 3175 1225 3410 t

1213 3881 1225 4152 t
