<?xml version="1.0" encoding="UTF-8"?>
<!DOCTYPE html PUBLIC "-//W3C//DTD XHTML 1.0 Transitional//EN"
    "http://www.w3.org/TR/xhtml1/DTD/xhtml1-transitional.dtd">
<html xmlns="http://www.w3.org/1999/xhtml" xml:lang="en" lang="en">
 <head>
  <title>
</title>
<meta http-equiv="Content-Type" content="text/html;charset=utf-8" />
  <meta name='ocr-system' content='tesseract 3.04.00' />
  <meta name='ocr-capabilities' content='ocr_page ocr_carea ocr_par ocr_line ocrx_word'/>
</head>
<body>
  <div class='ocr_page' id='page_1' title='image "./mfabiiquinctili00aldegoog_0087.png"; bbox 0 0 2459 4200; ppageno 0'>
   <div class='ocr_carea' id='block_1_1' title="bbox 344 265 1067 328">
    <p class='ocr_par' dir='ltr' id='par_1_1' title="bbox 344 265 1067 328">
     <span class='ocr_line' id='line_1_1' title="bbox 344 265 1067 328; baseline 0.007 -12"><span class='ocrx_word' id='word_1_1' title='bbox 344 273 499 320; x_wconf 79' lang='lat' dir='ltr'><strong>annnam</strong></span> <span class='ocrx_word' id='word_1_2' title='bbox 517 273 666 328; x_wconf 73' lang='lat' dir='ltr'><strong>annasse</strong></span> <span class='ocrx_word' id='word_1_3' title='bbox 684 277 821 323; x_wconf 75' lang='lat' dir='ltr'><strong>castra.</strong></span> <span class='ocrx_word' id='word_1_4' title='bbox 1026 265 1067 328; x_wconf 77' lang='lat'><strong>81</strong></span> 
     </span>
    </p>
   </div>
   <div class='ocr_carea' id='block_1_2' title="bbox 85 425 1068 2734">
    <p class='ocr_par' dir='ltr' id='par_1_2' title="bbox 118 425 1068 760">
     <span class='ocr_line' id='line_1_2' title="bbox 120 425 1068 514; baseline 0.007 -23"><span class='ocrx_word' id='word_1_5' title='bbox 120 426 271 510; x_wconf 84' lang='lat' dir='ltr'><strong>praebens</strong></span> <span class='ocrx_word' id='word_1_6' title='bbox 295 425 474 491; x_wconf 78' lang='lat' dir='ltr'><strong>transitum:</strong></span> <span class='ocrx_word' id='word_1_7' title='bbox 498 446 588 508; x_wconf 88' lang='lat' dir='ltr'><strong>quem</strong></span> <span class='ocrx_word' id='word_1_8' title='bbox 614 441 732 512; x_wconf 86' lang='lat' dir='ltr'><strong>tropum</strong></span> <span class='ocrx_word' id='word_1_9' title='bbox 758 429 852 514; x_wconf 77' lang='lat' dir='ltr'><strong>tnagis</strong></span> <span class='ocrx_word' id='word_1_10' title='bbox 877 429 1068 511; x_wconf 80' lang='lat' dir='ltr'><strong>sffoammtm,</strong></span> 
     </span>
     <span class='ocr_line' id='line_1_3' title="bbox 121 512 1065 594; baseline 0.004 -20"><span class='ocrx_word' id='word_1_11' title='bbox 121 526 153 574; x_wconf 91' lang='lat' dir='ltr'><strong>ut</strong></span> <span class='ocrx_word' id='word_1_12' title='bbox 175 513 288 576; x_wconf 88' lang='lat' dir='ltr'><strong>habero</strong></span> <span class='ocrx_word' id='word_1_13' title='bbox 311 512 477 586; x_wconf 86' lang='lat' dir='ltr'><strong>videamur,</strong></span> <span class='ocrx_word' id='word_1_14' title='bbox 495 533 585 594; x_wconf 90' lang='lat' dir='ltr'><strong>quam</strong></span> <span class='ocrx_word' id='word_1_15' title='bbox 611 513 670 576; x_wconf 90' lang='lat' dir='ltr'><strong>ullo</strong></span> <span class='ocrx_word' id='word_1_16' title='bbox 697 514 726 576; x_wconf 88' lang='lat' dir='ltr'><strong>in</strong></span> <span class='ocrx_word' id='word_1_17' title='bbox 752 515 822 578; x_wconf 88' lang='lat' dir='ltr'><strong>loco</strong></span> <span class='ocrx_word' id='word_1_18' title='bbox 849 515 1065 582; x_wconf 86' lang='lat' dir='ltr'><strong>desideramus.</strong></span> 
     </span>
     <span class='ocr_line' id='line_1_4' title="bbox 118 595 1066 684; baseline 0.007 -24"><span class='ocrx_word' id='word_1_19' title='bbox 118 595 199 660; x_wconf 89' lang='lat' dir='ltr'><strong>Nam</strong></span> <span class='ocrx_word' id='word_1_20' title='bbox 222 597 289 682; x_wconf 80' lang='lat' dir='ltr'><strong>ejus</strong></span> <span class='ocrx_word' id='word_1_21' title='bbox 308 596 577 681; x_wconf 86' lang='lat' dir='ltr'><strong>frequentissimum</strong></span> <span class='ocrx_word' id='word_1_22' title='bbox 594 600 764 684; x_wconf 87' lang='lat' dir='ltr'><strong>exemplum</strong></span> <span class='ocrx_word' id='word_1_23' title='bbox 785 615 843 677; x_wconf 87' lang='lat' dir='ltr'><strong>est,</strong></span> <span class='ocrx_word' id='word_1_24' title='bbox 859 622 948 678; x_wconf 85' lang='lat' dir='ltr'><strong>euno,</strong></span> <span class='ocrx_word' id='word_1_25' title='bbox 964 612 1066 682; x_wconf 84' lang='lat' dir='ltr'><strong>canto,</strong></span> 
     </span>
     <span class='ocr_line' id='line_1_5' title="bbox 120 681 1064 760; baseline 0.006 -16"><span class='ocrx_word' id='word_1_26' title='bbox 120 683 213 744; x_wconf 85' lang='lat' dir='ltr'><strong>dico:</strong></span> <span class='ocrx_word' id='word_1_27' title='bbox 238 683 276 746; x_wconf 86' lang='lat' dir='ltr'><strong>ita</strong></span> <span class='ocrx_word' id='word_1_28' title='bbox 302 703 391 760; x_wconf 85' lang='lat' dir='ltr'><strong>cana,</strong></span> <span class='ocrx_word' id='word_1_29' title='bbox 416 683 496 744; x_wconf 89' lang='lat' dir='ltr'><strong>dieo.</strong></span> <span class='ocrx_word' id='word_1_30' title='bbox 545 681 674 748; x_wconf 87' lang='lat' dir='ltr'><strong>Interest</strong></span> <span class='ocrx_word' id='word_1_31' title='bbox 703 687 836 750; x_wconf 88' lang='lat' dir='ltr'><strong>medium</strong></span> <span class='ocrx_word' id='word_1_32' title='bbox 864 686 937 750; x_wconf 89' lang='lat' dir='ltr'><strong>illud</strong></span> <span class='ocrx_word' id='word_1_33' title='bbox 966 698 1064 754; x_wconf 87' lang='lat' dir='ltr'><strong>eante.</strong></span> 
     </span>
    </p>

    <p class='ocr_par' dir='ltr' id='par_1_3' title="bbox 87 765 1068 932">
     <span class='ocr_line' id='line_1_6' title="bbox 87 765 1068 838; baseline 0.01 -10"><span class='ocrx_word' id='word_1_34' title='bbox 87 788 101 828; x_wconf 84' lang='lat' dir='ltr'><strong>s</strong></span> <span class='ocrx_word' id='word_1_35' title='bbox 120 765 191 830; x_wconf 89' lang='lat' dir='ltr'><strong>Neo</strong></span> <span class='ocrx_word' id='word_1_36' title='bbox 204 769 311 832; x_wconf 86' lang='lat' dir='ltr'><strong>diutius</strong></span> <span class='ocrx_word' id='word_1_37' title='bbox 326 769 355 830; x_wconf 90' lang='lat' dir='ltr'><strong>in</strong></span> <span class='ocrx_word' id='word_1_38' title='bbox 372 790 410 830; x_wconf 89' lang='lat' dir='ltr'><strong>eo</strong></span> <span class='ocrx_word' id='word_1_39' title='bbox 427 767 602 832; x_wconf 87' lang='lat' dir='ltr'><strong>morandum</strong></span> <span class='ocrx_word' id='word_1_40' title='bbox 619 791 627 830; x_wconf 74' lang='grc' dir='ltr'>ι</span> <span class='ocrx_word' id='word_1_41' title='bbox 642 771 714 834; x_wconf 82' lang='lat' dir='ltr'>nihil</span> <span class='ocrx_word' id='word_1_42' title='bbox 729 771 810 834; x_wconf 91' lang='lat' dir='ltr'><strong>enim</strong></span> <span class='ocrx_word' id='word_1_43' title='bbox 824 795 894 836; x_wconf 90' lang='lat' dir='ltr'><strong>usus</strong></span> <span class='ocrx_word' id='word_1_44' title='bbox 906 773 1068 838; x_wconf 82' lang='lat' dir='ltr'><strong>admodum</strong></span> 
     </span>
     <span class='ocr_line' id='line_1_7' title="bbox 122 853 625 932; baseline 0.004 -18"><span class='ocrx_word' id='word_1_45' title='bbox 122 853 225 930; x_wconf 90' lang='lat' dir='ltr'><strong>video,</strong></span> <span class='ocrx_word' id='word_1_46' title='bbox 242 855 308 932; x_wconf 89' lang='lat' dir='ltr'><strong>nisi,</strong></span> <span class='ocrx_word' id='word_1_47' title='bbox 327 868 360 918; x_wconf 93' lang='lat' dir='ltr'><strong>ut</strong></span> <span class='ocrx_word' id='word_1_48' title='bbox 374 853 450 931; x_wconf 84' lang='lat' dir='ltr'><strong>dixi,</strong></span> <span class='ocrx_word' id='word_1_49' title='bbox 463 853 491 916; x_wconf 91' lang='lat' dir='ltr'><strong>in</strong></span> <span class='ocrx_word' id='word_1_50' title='bbox 506 855 625 918; x_wconf 88' lang='lat' dir='ltr'><strong>mediis.</strong></span> 
     </span>
    </p>

    <p class='ocr_par' dir='ltr' id='par_1_4' title="bbox 118 938 1067 1108">
     <span class='ocr_line' id='line_1_8' title="bbox 163 938 1067 1026; baseline 0.004 -24"><span class='ocrx_word' id='word_1_51' title='bbox 163 938 277 1002; x_wconf 82' lang='lat' dir='ltr'>Cetera</span> <span class='ocrx_word' id='word_1_52' title='bbox 296 939 436 1024; x_wconf 86' lang='lat' dir='ltr'><strong>jamnon</strong></span> <span class='ocrx_word' id='word_1_53' title='bbox 456 939 641 1022; x_wconf 84' lang='lat' dir='ltr'><strong>significandi</strong></span> <span class='ocrx_word' id='word_1_54' title='bbox 660 943 762 1026; x_wconf 84' lang='lat' dir='ltr'><strong>gratia,</strong></span> <span class='ocrx_word' id='word_1_55' title='bbox 780 943 835 1006; x_wconf 91' lang='lat' dir='ltr'><strong>sed</strong></span> <span class='ocrx_word' id='word_1_56' title='bbox 850 943 889 1007; x_wconf 92' lang='lat' dir='ltr'><strong>ad</strong></span> <span class='ocrx_word' id='word_1_57' title='bbox 904 944 1067 1008; x_wconf 86' lang='lat' dir='ltr'><strong>ornandam</strong></span> 
     </span>
     <span class='ocr_line' id='line_1_9' title="bbox 118 1024 873 1108; baseline 0.003 -20"><span class='ocrx_word' id='word_1_58' title='bbox 118 1025 225 1102; x_wconf 89' lang='lat' dir='ltr'><strong>modo,</strong></span> <span class='ocrx_word' id='word_1_59' title='bbox 241 1047 302 1088; x_wconf 89' lang='lat' dir='ltr'><strong>non</strong></span> <span class='ocrx_word' id='word_1_60' title='bbox 318 1024 482 1108; x_wconf 82' lang='lat' dir='ltr'><strong>aagendam</strong></span> <span class='ocrx_word' id='word_1_61' title='bbox 498 1026 662 1091; x_wconf 89' lang='lat' dir='ltr'><strong>orationem</strong></span> <span class='ocrx_word' id='word_1_62' title='bbox 678 1043 873 1092; x_wconf 88' lang='lat' dir='ltr'><strong>assumuntur.</strong></span> 
     </span>
    </p>

    <p class='ocr_par' dir='ltr' id='par_1_5' title="bbox 164 1109 1065 1198">
     <span class='ocr_line' id='line_1_10' title="bbox 164 1109 1065 1198; baseline 0.007 -26"><span class='ocrx_word' id='word_1_63' title='bbox 164 1109 261 1174; x_wconf 83' lang='lat' dir='ltr'>Ornat</span> <span class='ocrx_word' id='word_1_64' title='bbox 290 1112 369 1174; x_wconf 90' lang='lat' dir='ltr'><strong>enim</strong></span> <span class='ocrx_word' id='word_1_65' title='bbox 399 1121 537 1185; x_wconf 70' lang='grc' dir='ltr'><strong><em>ἐπίθετον,</em></strong></span> <span class='ocrx_word' id='word_1_66' title='bbox 567 1115 648 1196; x_wconf 92' lang='lat' dir='ltr'><strong>quod</strong></span> <span class='ocrx_word' id='word_1_67' title='bbox 679 1130 763 1177; x_wconf 87' lang='lat' dir='ltr'><strong>recte</strong></span> <span class='ocrx_word' id='word_1_68' title='bbox 793 1115 919 1178; x_wconf 84' lang='lat' dir='ltr'><strong>dicimus</strong></span> <span class='ocrx_word' id='word_1_69' title='bbox 945 1116 1065 1198; x_wconf 84' lang='lat' dir='ltr'><strong>appori-</strong></span> 
     </span>
    </p>

    <p class='ocr_par' dir='ltr' id='par_1_6' title="bbox 85 1197 1067 1620">
     <span class='ocr_line' id='line_1_11' title="bbox 85 1197 1065 1283; baseline 0.007 -27"><span class='ocrx_word' id='word_1_70' title='bbox 85 1205 212 1258; x_wconf 83' lang='lat' dir='ltr'><strong>rotum:</strong></span> <span class='ocrx_word' id='word_1_71' title='bbox 234 1218 251 1260; x_wconf 91' lang='lat' dir='ltr'><strong>a</strong></span> <span class='ocrx_word' id='word_1_72' title='bbox 273 1197 418 1260; x_wconf 87' lang='lat' dir='ltr'><strong>nonnullis</strong></span> <span class='ocrx_word' id='word_1_73' title='bbox 441 1219 564 1281; x_wconf 86' lang='lat' dir='ltr'><strong>sequens</strong></span> <span class='ocrx_word' id='word_1_74' title='bbox 584 1199 702 1262; x_wconf 87' lang='lat' dir='ltr'><strong>dicitur.</strong></span> <span class='ocrx_word' id='word_1_75' title='bbox 749 1199 799 1262; x_wconf 87' lang='lat' dir='ltr'><strong>Eo</strong></span> <span class='ocrx_word' id='word_1_76' title='bbox 822 1204 932 1283; x_wconf 77' lang='lat' dir='ltr'><strong>potitae</strong></span> <span class='ocrx_word' id='word_1_77' title='bbox 955 1215 986 1262; x_wconf 90' lang='lat' dir='ltr'><strong>et</strong></span> <span class='ocrx_word' id='word_1_78' title='bbox 1008 1199 1065 1262; x_wconf 81' lang='lat' dir='ltr'><strong>ire·</strong></span> 
     </span>
     <span class='ocr_line' id='line_1_12' title="bbox 121 1281 1066 1367; baseline 0.002 -23"><span class='ocrx_word' id='word_1_79' title='bbox 121 1281 259 1365; x_wconf 89' lang='lat' dir='ltr'><strong>quentins</strong></span> <span class='ocrx_word' id='word_1_80' title='bbox 275 1297 303 1345; x_wconf 91' lang='lat' dir='ltr'><strong>et</strong></span> <span class='ocrx_word' id='word_1_81' title='bbox 319 1283 438 1346; x_wconf 88' lang='lat' dir='ltr'><strong>liberius</strong></span> <span class='ocrx_word' id='word_1_82' title='bbox 456 1299 584 1346; x_wconf 90' lang='lat' dir='ltr'><strong>utuntur.</strong></span> <span class='ocrx_word' id='word_1_83' title='bbox 624 1283 762 1367; x_wconf 82' lang='lat' dir='ltr'><strong>Namque</strong></span> <span class='ocrx_word' id='word_1_84' title='bbox 778 1284 833 1346; x_wconf 91' lang='lat' dir='ltr'><strong>illis</strong></span> <span class='ocrx_word' id='word_1_85' title='bbox 849 1284 920 1346; x_wconf 86' lang='lat' dir='ltr'><strong>satis</strong></span> <span class='ocrx_word' id='word_1_86' title='bbox 936 1297 983 1346; x_wconf 91' lang='lat' dir='ltr'><strong>est</strong></span> <span class='ocrx_word' id='word_1_87' title='bbox 994 1304 1066 1346; x_wconf 91' lang='lat' dir='ltr'><strong>con·</strong></span> 
     </span>
     <span class='ocr_line' id='line_1_13' title="bbox 120 1366 1067 1452; baseline 0.004 -23"><span class='ocrx_word' id='word_1_88' title='bbox 120 1366 223 1430; x_wconf 86' lang='lat' dir='ltr'><strong>venire</strong></span> <span class='ocrx_word' id='word_1_89' title='bbox 248 1368 351 1444; x_wconf 87' lang='lat' dir='ltr'><strong>verbo,</strong></span> <span class='ocrx_word' id='word_1_90' title='bbox 369 1369 418 1431; x_wconf 90' lang='lat' dir='ltr'><strong>oni</strong></span> <span class='ocrx_word' id='word_1_91' title='bbox 441 1369 625 1452; x_wconf 87' lang='lat' dir='ltr'><strong>apponitur:</strong></span> <span class='ocrx_word' id='word_1_92' title='bbox 648 1371 747 1452; x_wconf 88' lang='lat' dir='ltr'><strong>itaque</strong></span> <span class='ocrx_word' id='word_1_93' title='bbox 768 1385 799 1432; x_wconf 88' lang='lat' dir='ltr'><strong>et</strong></span> <span class='ocrx_word' id='word_1_94' title='bbox 813 1368 913 1429; x_wconf 89' lang='lat' dir='ltr'><strong>dentes</strong></span> <span class='ocrx_word' id='word_1_95' title='bbox 933 1368 1017 1430; x_wconf 81' lang='lat' dir='ltr'><strong>albor</strong></span> <span class='ocrx_word' id='word_1_96' title='bbox 1036 1383 1067 1434; x_wconf 86' lang='lat' dir='ltr'><strong>et</strong></span> 
     </span>
     <span class='ocr_line' id='line_1_14' title="bbox 118 1453 1065 1538; baseline 0.002 -23"><span class='ocrx_word' id='word_1_97' title='bbox 118 1453 247 1515; x_wconf 77' lang='lat' dir='ltr'><strong>humida</strong></span> <span class='ocrx_word' id='word_1_98' title='bbox 261 1453 335 1514; x_wconf 84' lang='lat' dir='ltr'><strong>vina</strong></span> <span class='ocrx_word' id='word_1_99' title='bbox 354 1455 382 1516; x_wconf 91' lang='lat' dir='ltr'><strong>in</strong></span> <span class='ocrx_word' id='word_1_100' title='bbox 403 1454 438 1516; x_wconf 88' lang='lat' dir='ltr'><strong>iis</strong></span> <span class='ocrx_word' id='word_1_101' title='bbox 459 1476 518 1516; x_wconf 89' lang='lat' dir='ltr'><strong>non</strong></span> <span class='ocrx_word' id='word_1_102' title='bbox 537 1455 801 1538; x_wconf 75' lang='lat' dir='ltr'><strong>reprehendamus.</strong></span> <span class='ocrx_word' id='word_1_103' title='bbox 850 1453 945 1538; x_wconf 91' lang='lat' dir='ltr'><strong>Apud</strong></span> <span class='ocrx_word' id='word_1_104' title='bbox 968 1467 1065 1517; x_wconf 89' lang='lat' dir='ltr'><strong>orato·</strong></span> 
     </span>
     <span class='ocr_line' id='line_1_15' title="bbox 119 1538 1064 1620; baseline 0.002 -20"><span class='ocrx_word' id='word_1_105' title='bbox 119 1559 196 1613; x_wconf 89' lang='lat' dir='ltr'><strong>rem,</strong></span> <span class='ocrx_word' id='word_1_106' title='bbox 213 1538 269 1601; x_wconf 91' lang='lat' dir='ltr'><strong>nisi</strong></span> <span class='ocrx_word' id='word_1_107' title='bbox 292 1538 401 1620; x_wconf 87' lang='lat' dir='ltr'><strong>aliquid</strong></span> <span class='ocrx_word' id='word_1_108' title='bbox 425 1540 561 1616; x_wconf 85' lang='lat' dir='ltr'><strong>efficitur,</strong></span> <span class='ocrx_word' id='word_1_109' title='bbox 579 1540 733 1604; x_wconf 80' lang='lat' dir='ltr'><strong>redrmdat.</strong></span> <span class='ocrx_word' id='word_1_110' title='bbox 783 1539 865 1603; x_wconf 89' lang='lat' dir='ltr'><strong>Tum</strong></span> <span class='ocrx_word' id='word_1_111' title='bbox 886 1556 986 1602; x_wconf 87' lang='lat' dir='ltr'><strong>autem</strong></span> <span class='ocrx_word' id='word_1_112' title='bbox 1001 1540 1064 1603; x_wconf 89' lang='lat' dir='ltr'><strong>effi·</strong></span> 
     </span>
    </p>

    <p class='ocr_par' dir='ltr' id='par_1_7' title="bbox 86 1623 1067 2051">
     <span class='ocr_line' id='line_1_16' title="bbox 86 1623 1063 1708; baseline 0.007 -27"><span class='ocrx_word' id='word_1_113' title='bbox 86 1623 210 1701; x_wconf 75' lang='lat' dir='ltr'><strong>ascitur,</strong></span> <span class='ocrx_word' id='word_1_114' title='bbox 228 1625 252 1688; x_wconf 91' lang='lat' dir='ltr'><strong>si</strong></span> <span class='ocrx_word' id='word_1_115' title='bbox 269 1624 411 1702; x_wconf 78' lang='lat' dir='ltr'><strong>sinnida,</strong></span> <span class='ocrx_word' id='word_1_116' title='bbox 429 1627 508 1708; x_wconf 90' lang='lat' dir='ltr'><strong>quod</strong></span> <span class='ocrx_word' id='word_1_117' title='bbox 526 1626 644 1702; x_wconf 89' lang='lat' dir='ltr'><strong>dicitur,</strong></span> <span class='ocrx_word' id='word_1_118' title='bbox 662 1626 758 1690; x_wconf 88' lang='lat' dir='ltr'><strong>minus</strong></span> <span class='ocrx_word' id='word_1_119' title='bbox 773 1641 840 1688; x_wconf 90' lang='lat' dir='ltr'><strong>est:</strong></span> <span class='ocrx_word' id='word_1_120' title='bbox 863 1626 960 1708; x_wconf 85' lang='lat' dir='ltr'><strong>qualia</strong></span> <span class='ocrx_word' id='word_1_121' title='bbox 981 1638 1063 1704; x_wconf 87' lang='lat' dir='ltr'><strong>sunt,</strong></span> 
     </span>
     <span class='ocr_line' id='line_1_17' title="bbox 126 1707 1065 1794; baseline 0.002 -24"><span class='ocrx_word' id='word_1_122' title='bbox 126 1707 155 1770; x_wconf 88' lang='lat'><em>0</em></span> <span class='ocrx_word' id='word_1_123' title='bbox 176 1711 272 1772; x_wconf 86' lang='lat' dir='ltr'><strong>scelus</strong></span> <span class='ocrx_word' id='word_1_124' title='bbox 294 1711 577 1788; x_wconf 82' lang='lat' dir='ltr'><strong>abominandam‚o</strong></span> <span class='ocrx_word' id='word_1_125' title='bbox 599 1710 761 1794; x_wconf 74' lang='lat' dir='ltr'><strong>deformem</strong></span> <span class='ocrx_word' id='word_1_126' title='bbox 782 1711 952 1772; x_wconf 77' lang='lat' dir='ltr'><strong>libidinem.</strong></span> <span class='ocrx_word' id='word_1_127' title='bbox 997 1709 1065 1772; x_wconf 86' lang='lat' dir='ltr'><strong>Ex·</strong></span> 
     </span>
     <span class='ocr_line' id='line_1_18' title="bbox 119 1793 1064 1868; baseline 0 -10"><span class='ocrx_word' id='word_1_128' title='bbox 119 1810 241 1858; x_wconf 88' lang='lat' dir='ltr'><strong>ornatur</strong></span> <span class='ocrx_word' id='word_1_129' title='bbox 270 1809 369 1858; x_wconf 88' lang='lat' dir='ltr'><strong>autem</strong></span> <span class='ocrx_word' id='word_1_130' title='bbox 398 1817 447 1858; x_wconf 93' lang='lat' dir='ltr'><strong>res</strong></span> <span class='ocrx_word' id='word_1_131' title='bbox 472 1810 533 1858; x_wconf 88' lang='lat' dir='ltr'><strong>tota</strong></span> <span class='ocrx_word' id='word_1_132' title='bbox 561 1796 690 1860; x_wconf 80' lang='lat' dir='ltr'><strong>maxime</strong></span> <span class='ocrx_word' id='word_1_133' title='bbox 717 1794 968 1868; x_wconf 79' lang='lat' dir='ltr'><strong>translationibus,</strong></span> <span class='ocrx_word' id='word_1_134' title='bbox 1001 1793 1064 1858; x_wconf 76' lang='lat' dir='ltr'><strong>Ga·</strong></span> 
     </span>
     <span class='ocr_line' id='line_1_19' title="bbox 117 1875 1067 1962; baseline 0.004 -24"><span class='ocrx_word' id='word_1_135' title='bbox 117 1879 236 1961; x_wconf 76' lang='lat' dir='ltr'><strong>piditas</strong></span> <span class='ocrx_word' id='word_1_136' title='bbox 254 1878 408 1962; x_wconf 78' lang='lat' dir='ltr'><strong>effrenata,</strong></span> <span class='ocrx_word' id='word_1_137' title='bbox 426 1895 456 1944; x_wconf 89' lang='lat' dir='ltr'><strong>et</strong></span> <span class='ocrx_word' id='word_1_138' title='bbox 481 1881 609 1944; x_wconf 75' lang='lat' dir='ltr'><strong>insuam</strong></span> <span class='ocrx_word' id='word_1_139' title='bbox 632 1879 875 1942; x_wconf 74' lang='lat' dir='ltr'><strong>substructiones.</strong></span> <span class='ocrx_word' id='word_1_140' title='bbox 923 1875 966 1939; x_wconf 87' lang='lat' dir='ltr'><strong>Et</strong></span> <span class='ocrx_word' id='word_1_141' title='bbox 988 1877 1067 1942; x_wconf 89' lang='lat' dir='ltr'><strong>solet</strong></span> 
     </span>
     <span class='ocr_line' id='line_1_20' title="bbox 120 1961 1063 2051; baseline 0.002 -27"><span class='ocrx_word' id='word_1_142' title='bbox 120 1964 188 2026; x_wconf 89' lang='lat' dir='ltr'><strong>fieri</strong></span> <span class='ocrx_word' id='word_1_143' title='bbox 204 1964 266 2027; x_wconf 90' lang='lat' dir='ltr'><strong>aliis</strong></span> <span class='ocrx_word' id='word_1_144' title='bbox 281 1966 428 2051; x_wconf 85' lang='lat' dir='ltr'><strong>adjunctis</strong></span> <span class='ocrx_word' id='word_1_145' title='bbox 444 1966 595 2049; x_wconf 86' lang='lat' dir='ltr'><strong>epitheton</strong></span> <span class='ocrx_word' id='word_1_146' title='bbox 611 1980 726 2048; x_wconf 85' lang='lat' dir='ltr'><strong>tropus,</strong></span> <span class='ocrx_word' id='word_1_147' title='bbox 744 1978 775 2028; x_wconf 93' lang='lat' dir='ltr'><strong>ut</strong></span> <span class='ocrx_word' id='word_1_148' title='bbox 797 1963 876 2048; x_wconf 90' lang='lat' dir='ltr'><strong>apud</strong></span> <span class='ocrx_word' id='word_1_149' title='bbox 894 1961 1063 2047; x_wconf 85' lang='lat' dir='ltr'><strong>Virgilium,</strong></span> 
     </span>
    </p>

    <p class='ocr_par' dir='ltr' id='par_1_8' title="bbox 85 2049 738 2135">
     <span class='ocr_line' id='line_1_21' title="bbox 85 2049 738 2135; baseline 0.009 -28"><span class='ocrx_word' id='word_1_150' title='bbox 85 2067 112 2107; x_wconf 80' lang='lat' dir='ltr'><strong>us</strong></span> <span class='ocrx_word' id='word_1_151' title='bbox 129 2049 244 2133; x_wconf 84' lang='lat' dir='ltr'><strong>Turpis</strong></span> <span class='ocrx_word' id='word_1_152' title='bbox 258 2061 383 2135; x_wconf 84' lang='lat' dir='ltr'><strong>egestas,</strong></span> <span class='ocrx_word' id='word_1_153' title='bbox 401 2066 443 2129; x_wconf 90' lang='lat' dir='ltr'><strong>et,</strong></span> <span class='ocrx_word' id='word_1_154' title='bbox 468 2052 580 2115; x_wconf 86' lang='lat' dir='ltr'><strong>Tristis</strong></span> <span class='ocrx_word' id='word_1_155' title='bbox 594 2062 738 2114; x_wconf 84' lang='lat' dir='ltr'><strong>senectae.</strong></span> 
     </span>
    </p>

    <p class='ocr_par' dir='ltr' id='par_1_9' title="bbox 120 2134 1065 2478">
     <span class='ocr_line' id='line_1_22' title="bbox 165 2134 1065 2220; baseline 0 -21"><span class='ocrx_word' id='word_1_156' title='bbox 165 2137 380 2201; x_wconf 85' lang='lat' dir='ltr'><strong>Verumtamen</strong></span> <span class='ocrx_word' id='word_1_157' title='bbox 403 2136 468 2201; x_wconf 90' lang='lat' dir='ltr'><strong>talis</strong></span> <span class='ocrx_word' id='word_1_158' title='bbox 492 2152 538 2201; x_wconf 88' lang='lat' dir='ltr'><strong>est</strong></span> <span class='ocrx_word' id='word_1_159' title='bbox 559 2139 635 2202; x_wconf 88' lang='lat' dir='ltr'><strong>ratio</strong></span> <span class='ocrx_word' id='word_1_160' title='bbox 658 2137 782 2220; x_wconf 88' lang='lat' dir='ltr'><strong>hujusce</strong></span> <span class='ocrx_word' id='word_1_161' title='bbox 802 2136 929 2213; x_wconf 85' lang='lat' dir='ltr'><strong>virtutis,</strong></span> <span class='ocrx_word' id='word_1_162' title='bbox 947 2147 979 2196; x_wconf 89' lang='lat' dir='ltr'><strong>ut</strong></span> <span class='ocrx_word' id='word_1_163' title='bbox 1000 2134 1065 2199; x_wconf 82' lang='lat' dir='ltr'><strong>sine</strong></span> 
     </span>
     <span class='ocr_line' id='line_1_23' title="bbox 120 2221 1065 2305; baseline -0.004 -20"><span class='ocrx_word' id='word_1_164' title='bbox 120 2222 266 2305; x_wconf 88' lang='lat' dir='ltr'><strong>appositis</strong></span> <span class='ocrx_word' id='word_1_165' title='bbox 289 2224 368 2287; x_wconf 91' lang='lat' dir='ltr'><strong>nuda</strong></span> <span class='ocrx_word' id='word_1_166' title='bbox 389 2223 427 2285; x_wconf 88' lang='lat' dir='ltr'><strong>sit</strong></span> <span class='ocrx_word' id='word_1_167' title='bbox 451 2238 481 2286; x_wconf 89' lang='lat' dir='ltr'><strong>et</strong></span> <span class='ocrx_word' id='word_1_168' title='bbox 503 2223 584 2297; x_wconf 84' lang='lat' dir='ltr'><strong>velut</strong></span> <span class='ocrx_word' id='word_1_169' title='bbox 610 2224 762 2303; x_wconf 89' lang='lat' dir='ltr'><strong>incompta</strong></span> <span class='ocrx_word' id='word_1_170' title='bbox 783 2221 903 2294; x_wconf 90' lang='lat' dir='ltr'><strong>oratio;</strong></span> <span class='ocrx_word' id='word_1_171' title='bbox 926 2232 1065 2281; x_wconf 82' lang='lat' dir='ltr'><strong>oneretur</strong></span> 
     </span>
     <span class='ocr_line' id='line_1_24' title="bbox 120 2303 1064 2389; baseline -0.008 -18"><span class='ocrx_word' id='word_1_172' title='bbox 120 2321 219 2371; x_wconf 88' lang='lat' dir='ltr'><strong>tamen</strong></span> <span class='ocrx_word' id='word_1_173' title='bbox 236 2307 345 2371; x_wconf 87' lang='lat' dir='ltr'><strong>multis.</strong></span> <span class='ocrx_word' id='word_1_174' title='bbox 392 2307 471 2371; x_wconf 87' lang='lat' dir='ltr'><strong>Nam</strong></span> <span class='ocrx_word' id='word_1_175' title='bbox 486 2308 519 2370; x_wconf 82' lang='lat' dir='ltr'><strong>fit</strong></span> <span class='ocrx_word' id='word_1_176' title='bbox 536 2307 625 2389; x_wconf 80' lang='lat' dir='ltr'><strong>longa</strong></span> <span class='ocrx_word' id='word_1_177' title='bbox 645 2322 676 2367; x_wconf 91' lang='lat' dir='ltr'><strong>et</strong></span> <span class='ocrx_word' id='word_1_178' title='bbox 697 2305 849 2386; x_wconf 87' lang='lat' dir='ltr'><strong>impedita,</strong></span> <span class='ocrx_word' id='word_1_179' title='bbox 866 2315 898 2364; x_wconf 91' lang='lat' dir='ltr'><strong>ut</strong></span> <span class='ocrx_word' id='word_1_180' title='bbox 912 2303 942 2361; x_wconf 91' lang='lat' dir='ltr'><strong>in</strong></span> <span class='ocrx_word' id='word_1_181' title='bbox 957 2320 1064 2382; x_wconf 88' lang='lat' dir='ltr'><strong>quaes·</strong></span> 
     </span>
     <span class='ocr_line' id='line_1_25' title="bbox 120 2384 1065 2478; baseline -0.01 -23"><span class='ocrx_word' id='word_1_182' title='bbox 120 2392 249 2456; x_wconf 89' lang='lat' dir='ltr'><strong>tionibus</strong></span> <span class='ocrx_word' id='word_1_183' title='bbox 265 2414 331 2456; x_wconf 87' lang='lat' dir='ltr'><strong>eam</strong></span> <span class='ocrx_word' id='word_1_184' title='bbox 351 2392 471 2478; x_wconf 85' lang='lat' dir='ltr'><strong>judiees</strong></span> <span class='ocrx_word' id='word_1_185' title='bbox 492 2392 621 2455; x_wconf 89' lang='lat' dir='ltr'><strong>similem</strong></span> <span class='ocrx_word' id='word_1_186' title='bbox 642 2389 751 2473; x_wconf 82' lang='lat' dir='ltr'><strong>agmini</strong></span> <span class='ocrx_word' id='word_1_187' title='bbox 773 2388 897 2450; x_wconf 89' lang='lat' dir='ltr'><strong>totidem</strong></span> <span class='ocrx_word' id='word_1_188' title='bbox 915 2385 991 2446; x_wconf 83' lang='lat' dir='ltr'><strong>lixas</strong></span> <span class='ocrx_word' id='word_1_189' title='bbox 1012 2384 1065 2447; x_wconf 86' lang='lat' dir='ltr'><strong>ha-</strong></span> 
     </span>
    </p>

    <p class='ocr_par' dir='ltr' id='par_1_10' title="bbox 86 2474 1066 2734">
     <span class='ocr_line' id='line_1_26' title="bbox 86 2474 1065 2562; baseline -0.002 -23"><span class='ocrx_word' id='word_1_190' title='bbox 86 2478 213 2555; x_wconf 74' lang='lat' dir='ltr'><strong>tabenti,</strong></span> <span class='ocrx_word' id='word_1_191' title='bbox 231 2493 305 2562; x_wconf 90' lang='lat' dir='ltr'><strong>quot</strong></span> <span class='ocrx_word' id='word_1_192' title='bbox 327 2479 440 2542; x_wconf 88' lang='lat' dir='ltr'><strong>milites·</strong></span> <span class='ocrx_word' id='word_1_193' title='bbox 458 2499 588 2561; x_wconf 89' lang='lat' dir='ltr'><strong>quoque,</strong></span> <span class='ocrx_word' id='word_1_194' title='bbox 610 2476 641 2540; x_wconf 92' lang='lat' dir='ltr'><strong>in</strong></span> <span class='ocrx_word' id='word_1_195' title='bbox 663 2496 723 2559; x_wconf 93' lang='lat' dir='ltr'><strong>qno</strong></span> <span class='ocrx_word' id='word_1_196' title='bbox 746 2487 776 2537; x_wconf 93' lang='lat' dir='ltr'><strong>et</strong></span> <span class='ocrx_word' id='word_1_197' title='bbox 798 2494 935 2536; x_wconf 90' lang='lat' dir='ltr'><strong>numerus</strong></span> <span class='ocrx_word' id='word_1_198' title='bbox 951 2486 997 2536; x_wconf 91' lang='lat' dir='ltr'><strong>est</strong></span> <span class='ocrx_word' id='word_1_199' title='bbox 1012 2474 1065 2537; x_wconf 90' lang='lat' dir='ltr'><strong>du·</strong></span> 
     </span>
     <span class='ocr_line' id='line_1_27' title="bbox 119 2559 1066 2649; baseline 0 -24"><span class='ocrx_word' id='word_1_200' title='bbox 119 2564 203 2647; x_wconf 74' lang='lat' dir='ltr'><strong>pler,</strong></span> <span class='ocrx_word' id='word_1_201' title='bbox 215 2586 273 2627; x_wconf 88' lang='lat' dir='ltr'><strong>nec</strong></span> <span class='ocrx_word' id='word_1_202' title='bbox 285 2565 408 2649; x_wconf 90' lang='lat' dir='ltr'><strong>duplum</strong></span> <span class='ocrx_word' id='word_1_203' title='bbox 420 2564 526 2626; x_wconf 87' lang='lat' dir='ltr'><strong>virium</strong></span> <span class='ocrx_word' id='word_1_204' title='bbox 543 2584 550 2623; x_wconf 92' lang='lat'>:</span> <span class='ocrx_word' id='word_1_205' title='bbox 574 2582 742 2645; x_wconf 86' lang='lat' dir='ltr'><strong>quanquam</strong></span> <span class='ocrx_word' id='word_1_206' title='bbox 757 2581 818 2623; x_wconf 89' lang='lat' dir='ltr'><strong>non</strong></span> <span class='ocrx_word' id='word_1_207' title='bbox 831 2559 945 2644; x_wconf 79' lang='lat' dir='ltr'><strong>singula</strong></span> <span class='ocrx_word' id='word_1_208' title='bbox 958 2559 1066 2647; x_wconf 83' lang='lat' dir='ltr'><strong>modo,</strong></span> 
     </span>
     <span class='ocr_line' id='line_1_28' title="bbox 118 2646 813 2734; baseline -0.006 -21"><span class='ocrx_word' id='word_1_209' title='bbox 118 2650 175 2713; x_wconf 86' lang='lat' dir='ltr'><strong>sed</strong></span> <span class='ocrx_word' id='word_1_210' title='bbox 191 2650 280 2713; x_wconf 83' lang='lat' dir='ltr'><strong>etism</strong></span> <span class='ocrx_word' id='word_1_211' title='bbox 295 2651 381 2734; x_wconf 92' lang='lat' dir='ltr'><strong>plura</strong></span> <span class='ocrx_word' id='word_1_212' title='bbox 395 2650 487 2713; x_wconf 87' lang='lat' dir='ltr'><strong>verba</strong></span> <span class='ocrx_word' id='word_1_213' title='bbox 502 2648 611 2732; x_wconf 90' lang='lat' dir='ltr'><strong>apponi</strong></span> <span class='ocrx_word' id='word_1_214' title='bbox 626 2646 724 2711; x_wconf 90' lang='lat' dir='ltr'><strong>solent</strong></span> <span class='ocrx_word' id='word_1_215' title='bbox 739 2668 746 2708; x_wconf 78' lang='lat' dir='ltr'><strong>t</strong></span> <span class='ocrx_word' id='word_1_216' title='bbox 771 2661 813 2725; x_wconf 87' lang='lat' dir='ltr'><strong>ut,</strong></span> 
     </span>
    </p>
   </div>
   <div class='ocr_carea' id='block_1_3' title="bbox 299 2798 880 2865">
    <p class='ocr_par' dir='ltr' id='par_1_11' title="bbox 299 2798 880 2865">
     <span class='ocr_line' id='line_1_29' title="bbox 299 2798 880 2865; baseline 0.003 -18"><span class='ocrx_word' id='word_1_217' title='bbox 299 2798 419 2865; x_wconf 74' lang='lat' dir='ltr'><strong>Coniugio</strong></span> <span class='ocrx_word' id='word_1_218' title='bbox 432 2799 541 2848; x_wconf 81' lang='lat' dir='ltr'><strong>Anchisa</strong></span> <span class='ocrx_word' id='word_1_219' title='bbox 552 2799 644 2849; x_wconf 89' lang='lat' dir='ltr'><strong>Veneri</strong></span> <span class='ocrx_word' id='word_1_220' title='bbox 656 2799 754 2865; x_wconf 83' lang='lat' dir='ltr'><strong>dignate</strong></span> <span class='ocrx_word' id='word_1_221' title='bbox 766 2800 880 2865; x_wconf 84' lang='lat' dir='ltr'><strong>superbo.</strong></span> 
     </span>
    </p>
   </div>
   <div class='ocr_carea' id='block_1_4' title="bbox 85 2917 1067 3687">
    <p class='ocr_par' dir='ltr' id='par_1_12' title="bbox 85 2917 1067 3514">
     <span class='ocr_line' id='line_1_30' title="bbox 122 2917 1066 3003; baseline 0 -20"><span class='ocrx_word' id='word_1_222' title='bbox 122 2917 187 2983; x_wconf 82' lang='lat' dir='ltr'><strong>Sed</strong></span> <span class='ocrx_word' id='word_1_223' title='bbox 215 2920 275 2982; x_wconf 88' lang='lat' dir='ltr'><strong>hoo</strong></span> <span class='ocrx_word' id='word_1_224' title='bbox 299 2940 418 3003; x_wconf 91' lang='lat' dir='ltr'><strong>quoque</strong></span> <span class='ocrx_word' id='word_1_225' title='bbox 442 2920 535 2982; x_wconf 89' lang='lat' dir='ltr'><strong>modo</strong></span> <span class='ocrx_word' id='word_1_226' title='bbox 559 2921 619 2983; x_wconf 90' lang='lat' dir='ltr'><strong>duo</strong></span> <span class='ocrx_word' id='word_1_227' title='bbox 642 2922 747 2997; x_wconf 87' lang='lat' dir='ltr'><strong>verba,</strong></span> <span class='ocrx_word' id='word_1_228' title='bbox 772 2921 822 2983; x_wconf 90' lang='lat' dir='ltr'><strong>uni</strong></span> <span class='ocrx_word' id='word_1_229' title='bbox 848 2922 999 3003; x_wconf 88' lang='lat' dir='ltr'><strong>apposita,</strong></span> <span class='ocrx_word' id='word_1_230' title='bbox 1026 2939 1066 2983; x_wconf 81' lang='lat' dir='ltr'><strong>ne</strong></span> 
     </span>
     <span class='ocr_line' id='line_1_31' title="bbox 85 3004 1066 3087; baseline -0.002 -22"><span class='ocrx_word' id='word_1_231' title='bbox 85 3024 241 3069; x_wconf 79' lang='lat' dir='ltr'><strong>reversum</strong></span> <span class='ocrx_word' id='word_1_232' title='bbox 257 3006 378 3087; x_wconf 89' lang='lat' dir='ltr'><strong>quidem</strong></span> <span class='ocrx_word' id='word_1_233' title='bbox 393 3004 559 3069; x_wconf 85' lang='lat' dir='ltr'><strong>decuerint.</strong></span> <span class='ocrx_word' id='word_1_234' title='bbox 608 3005 687 3069; x_wconf 83' lang='lat' dir='ltr'><strong>Sunt</strong></span> <span class='ocrx_word' id='word_1_235' title='bbox 701 3018 813 3079; x_wconf 83' lang='lat' dir='ltr'><strong>autem,</strong></span> <span class='ocrx_word' id='word_1_236' title='bbox 826 3006 932 3084; x_wconf 88' lang='lat' dir='ltr'><strong>quibus</strong></span> <span class='ocrx_word' id='word_1_237' title='bbox 947 3026 1008 3065; x_wconf 86' lang='lat' dir='ltr'><strong>non</strong></span> <span class='ocrx_word' id='word_1_238' title='bbox 1022 3004 1066 3065; x_wconf 86' lang='lat' dir='ltr'><strong>vi-</strong></span> 
     </span>
     <span class='ocr_line' id='line_1_32' title="bbox 119 3085 1067 3173; baseline -0.005 -20"><span class='ocrx_word' id='word_1_239' title='bbox 119 3090 225 3153; x_wconf 82' lang='lat' dir='ltr'><strong>deatur</strong></span> <span class='ocrx_word' id='word_1_240' title='bbox 249 3090 298 3152; x_wconf 87' lang='lat' dir='ltr'><strong>hio</strong></span> <span class='ocrx_word' id='word_1_241' title='bbox 320 3090 441 3154; x_wconf 91' lang='lat' dir='ltr'><strong>omnino</strong></span> <span class='ocrx_word' id='word_1_242' title='bbox 464 3105 579 3173; x_wconf 89' lang='lat' dir='ltr'><strong>tropus,</strong></span> <span class='ocrx_word' id='word_1_243' title='bbox 597 3089 665 3171; x_wconf 86' lang='lat' dir='ltr'><strong>quia</strong></span> <span class='ocrx_word' id='word_1_244' title='bbox 686 3086 757 3150; x_wconf 87' lang='lat' dir='ltr'><strong>nihil</strong></span> <span class='ocrx_word' id='word_1_245' title='bbox 774 3099 881 3147; x_wconf 85' lang='lat' dir='ltr'><strong>vertat.</strong></span> <span class='ocrx_word' id='word_1_246' title='bbox 928 3085 1067 3148; x_wconf 85' lang='lat' dir='ltr'><strong>Necesse</strong></span> 
     </span>
     <span class='ocr_line' id='line_1_33' title="bbox 121 3168 1066 3259; baseline -0.003 -23"><span class='ocrx_word' id='word_1_247' title='bbox 121 3182 170 3236; x_wconf 84' lang='lat' dir='ltr'><strong>¹ost</strong></span> <span class='ocrx_word' id='word_1_248' title='bbox 185 3194 313 3257; x_wconf 83' lang='lat' dir='ltr'><strong>semper,</strong></span> <span class='ocrx_word' id='word_1_249' title='bbox 331 3191 362 3239; x_wconf 91' lang='lat' dir='ltr'><strong>ut</strong></span> <span class='ocrx_word' id='word_1_250' title='bbox 377 3176 419 3253; x_wconf 92' lang='lat' dir='ltr'><strong>id,</strong></span> <span class='ocrx_word' id='word_1_251' title='bbox 436 3176 516 3259; x_wconf 89' lang='lat' dir='ltr'><strong>qnod</strong></span> <span class='ocrx_word' id='word_1_252' title='bbox 533 3190 578 3237; x_wconf 90' lang='lat' dir='ltr'><strong>est</strong></span> <span class='ocrx_word' id='word_1_253' title='bbox 594 3171 776 3255; x_wconf 81' lang='lat' dir='ltr'><strong>appositum,</strong></span> <span class='ocrx_word' id='word_1_254' title='bbox 793 3169 818 3230; x_wconf 89' lang='lat' dir='ltr'><strong>si</strong></span> <span class='ocrx_word' id='word_1_255' title='bbox 839 3190 857 3231; x_wconf 87' lang='lat' dir='ltr'><strong>a</strong></span> <span class='ocrx_word' id='word_1_256' title='bbox 879 3168 1001 3253; x_wconf 89' lang='lat' dir='ltr'><strong>proprio</strong></span> <span class='ocrx_word' id='word_1_257' title='bbox 1022 3169 1066 3234; x_wconf 93' lang='lat' dir='ltr'><strong>di·</strong></span> 
     </span>
     <span class='ocr_line' id='line_1_34' title="bbox 118 3253 1065 3343; baseline 0 -21"><span class='ocrx_word' id='word_1_258' title='bbox 118 3258 240 3333; x_wconf 79' lang='lat' dir='ltr'><strong>viseris,</strong></span> <span class='ocrx_word' id='word_1_259' title='bbox 252 3281 305 3343; x_wconf 88' lang='lat' dir='ltr'><strong>per</strong></span> <span class='ocrx_word' id='word_1_260' title='bbox 320 3284 353 3325; x_wconf 90' lang='lat' dir='ltr'><strong>se</strong></span> <span class='ocrx_word' id='word_1_261' title='bbox 368 3261 525 3343; x_wconf 84' lang='lat' dir='ltr'><strong>significet,</strong></span> <span class='ocrx_word' id='word_1_262' title='bbox 540 3274 570 3323; x_wconf 88' lang='lat' dir='ltr'><strong>et</strong></span> <span class='ocrx_word' id='word_1_263' title='bbox 582 3258 673 3322; x_wconf 83' lang='lat' dir='ltr'><strong>faciat</strong></span> <span class='ocrx_word' id='word_1_264' title='bbox 688 3256 937 3319; x_wconf 79' lang='lat' dir='ltr'><strong>antonomasiam.</strong></span> <span class='ocrx_word' id='word_1_265' title='bbox 973 3253 1065 3339; x_wconf 88' lang='lat' dir='ltr'><strong>Nam,</strong></span> 
     </span>
     <span class='ocr_line' id='line_1_35' title="bbox 119 3342 1065 3431; baseline 0.001 -24"><span class='ocrx_word' id='word_1_266' title='bbox 119 3344 145 3407; x_wconf 92' lang='lat' dir='ltr'><strong>si</strong></span> <span class='ocrx_word' id='word_1_267' title='bbox 161 3344 257 3421; x_wconf 82' lang='lat' dir='ltr'><strong>dicas,</strong></span> <span class='ocrx_word' id='word_1_268' title='bbox 278 3346 347 3425; x_wconf 81' lang='lat' dir='ltr'><strong>Ille,</strong></span> <span class='ocrx_word' id='word_1_269' title='bbox 365 3348 418 3431; x_wconf 86' lang='lat' dir='ltr'><strong>qni</strong></span> <span class='ocrx_word' id='word_1_270' title='bbox 432 3346 641 3409; x_wconf 77' lang='lat' dir='ltr'><strong>Numantiam</strong></span> <span class='ocrx_word' id='word_1_271' title='bbox 662 3352 690 3405; x_wconf 87' lang='lat' dir='ltr'><strong>et</strong></span> <span class='ocrx_word' id='word_1_272' title='bbox 709 3342 930 3427; x_wconf 74' lang='lat' dir='ltr'><strong>Carthaginem</strong></span> <span class='ocrx_word' id='word_1_273' title='bbox 951 3347 1065 3423; x_wconf 81' lang='lat' dir='ltr'><strong>evertit,</strong></span> 
     </span>
     <span class='ocr_line' id='line_1_36' title="bbox 85 3430 1067 3514; baseline 0 -21"><span class='ocrx_word' id='word_1_274' title='bbox 85 3434 324 3497; x_wconf 82' lang='lat' dir='ltr'><strong>ssuntonomasia</strong></span> <span class='ocrx_word' id='word_1_275' title='bbox 340 3448 411 3495; x_wconf 87' lang='lat' dir='ltr'><strong>est:</strong></span> <span class='ocrx_word' id='word_1_276' title='bbox 436 3432 460 3495; x_wconf 86' lang='lat' dir='ltr'><strong>si</strong></span> <span class='ocrx_word' id='word_1_277' title='bbox 473 3430 623 3514; x_wconf 84' lang='lat' dir='ltr'><strong>adjeceris</strong></span> <span class='ocrx_word' id='word_1_278' title='bbox 639 3430 756 3513; x_wconf 77' lang='lat' dir='ltr'><strong>Scipio,</strong></span> <span class='ocrx_word' id='word_1_279' title='bbox 770 3432 950 3514; x_wconf 88' lang='lat' dir='ltr'><strong>appositum.</strong></span> <span class='ocrx_word' id='word_1_280' title='bbox 996 3432 1067 3493; x_wconf 92' lang='lat' dir='ltr'><strong>Non</strong></span> 
     </span>
    </p>

    <p class='ocr_par' dir='ltr' id='par_1_13' title="bbox 120 3516 1067 3687">
     <span class='ocr_line' id='line_1_37' title="bbox 120 3516 1023 3605; baseline -0.003 -26"><span class='ocrx_word' id='word_1_281' title='bbox 120 3530 220 3599; x_wconf 86' lang='lat' dir='ltr'><strong>potest</strong></span> <span class='ocrx_word' id='word_1_282' title='bbox 235 3540 309 3603; x_wconf 79' lang='lat' dir='ltr'><strong>ergo</strong></span> <span class='ocrx_word' id='word_1_283' title='bbox 324 3541 384 3582; x_wconf 89' lang='lat' dir='ltr'><strong>non</strong></span> <span class='ocrx_word' id='word_1_284' title='bbox 399 3538 467 3581; x_wconf 89' lang='lat' dir='ltr'><strong>esse</strong></span> <span class='ocrx_word' id='word_1_285' title='bbox 479 3516 627 3601; x_wconf 86' lang='lat' dir='ltr'><strong>junctum.</strong></span> <span class='ocrx_word' id='word_1_286' title='bbox 1017 3593 1023 3605; x_wconf 26' lang='grc' dir='ltr'>ι</span> 
     </span>
     <span class='ocr_line' id='line_1_38' title="bbox 166 3590 1067 3687; baseline -0.012 -22"><span class='ocrx_word' id='word_1_287' title='bbox 166 3598 211 3665; x_wconf 86' lang='lat' dir='ltr'><strong>At</strong></span> <span class='ocrx_word' id='word_1_288' title='bbox 223 3600 383 3680; x_wconf 60' lang='lat' dir='ltr'><strong>marona,</strong></span> <span class='ocrx_word' id='word_1_289' title='bbox 400 3622 488 3687; x_wconf 84' lang='lat' dir='ltr'><strong>quam</strong></span> <span class='ocrx_word' id='word_1_290' title='bbox 510 3601 710 3665; x_wconf 76' lang='lat' dir='ltr'><strong>inversionem</strong></span> <span class='ocrx_word' id='word_1_291' title='bbox 731 3601 969 3687; x_wconf 84' lang='lat' dir='ltr'><strong>interpretantur,</strong></span> <span class='ocrx_word' id='word_1_292' title='bbox 987 3590 1067 3655; x_wconf 77' lang='lat' dir='ltr'><strong>anan</strong></span> 
     </span>
    </p>
   </div>
   <div class='ocr_carea' id='block_1_5' title="bbox 0 0 1234 4200">
    <p class='ocr_par' dir='ltr' id='par_1_14' title="bbox 0 0 1234 4200">
     <span class='ocr_line' id='line_1_39' title="bbox 0 0 1234 4200; baseline 0 0"><span class='ocrx_word' id='word_1_293' title='bbox 0 0 1234 4200; x_wconf 95' lang='lat' dir='ltr'><strong> </strong></span> 
     </span>
    </p>
   </div>
  </div>
 </body>
</html>
