2459 4200
365 263 517 308 sennem
534 263 685 316 aunon
697 263 838 310 carme.
1020 253 1087 316 us

143 413 321 491 dissimulat,
339 411 491 477 insidiatur
513 427 629 492 emtor,
641 435 738 498 eaque
761 416 792 477 in
811 435 907 500 prm
927 431 1015 502 pane
1036 439 1088 484 ec·

141 499 229 562 tionis
244 499 331 575 dicit,
350 519 427 582 quae
443 513 509 562 sunt
521 499 554 561 in
570 521 688 563 summa
701 498 864 584 profutura.
908 500 1018 587 Itaque
1031 525 1088 570 stro

136 585 212 648 ‘loco
229 584 326 648 minus
342 583 473 668 placent,
492 585 589 647 adlruc
602 585 703 663 mbis,
720 605 811 669 quare
825 585 907 650 dicta
918 587 990 666 sint
1003 589 1087 672 igm-

139 669 275 732 rantibus
293 691 299 730 :
324 669 454 752 ideoque
474 683 558 732 erunt
570 671 853 753 eoganisomibus
867 674 1041 755 mpetenda.

120 779 136 816 s
191 750 271 817 lilud
280 775 352 817 vero
368 755 566 833 utilissimae,
577 777 670 818 nosse
684 776 736 820 eae
750 777 870 834 causas,
881 778 1006 841 quarum
1017 779 1088 822 orn·

139 839 244 902 dones
270 840 298 901 in
328 860 432 902 manus
469 839 692 904 sumserimus:
721 854 755 904 et
776 841 894 924 quoties
922 841 1086 925 contingo,

143 924 280 1006 utrinque
296 924 411 986 habitas
426 924 526 1006 legere
542 925 677 988 actiones
693 947 700 985 :
719 939 752 988 ut
766 924 986 990 Dmonbenis
997 941 1088 1009 ntqrre

144 1007 311 1071 Aeschinis
332 1008 409 1070 inter
426 1029 462 1070 se
480 1009 667 1072 contrarias:
690 1024 721 1073 et
737 1008 838 1074 Servii
852 1010 985 1096 Sulpicii
999 1025 1088 1094 etque

145 1089 320 1168 Messallae,
333 1112 458 1175 quornm
475 1093 548 1156 alter
563 1115 620 1177 pro
637 1094 887 1172 Aufidia,contra
901 1096 977 1159 dixit
989 1097 1065 1160 altar
1079 1118 1086 1156 ι

105 1192 174 1244 met
191 1177 338 1240 Pollionis
355 1191 385 1240 et
400 1176 500 1240 Cassii
516 1199 568 1240 reo
586 1178 770 1261 Asprenate,
787 1179 918 1262 olimque
933 1180 1084 1262 plmimas.

189 1263 272 1334 Quin
290 1262 389 1340 etiam,
403 1262 428 1325 si
444 1263 539 1324 minus
556 1283 644 1345 pares
659 1263 847 1339 videbuntur,
859 1263 975 1346 aliqme
989 1277 1088 1326 tamen

139 1349 184 1411 ard
197 1348 442 1431 cognoscendam
456 1347 550 1410 litium
562 1347 769 1430 qaaestionem
784 1361 867 1410 recte
882 1369 897 1408 r
955 1347 1066 1412 irentrrr
1080 1369 1087 1408 ε

144 1447 177 1496 at
200 1447 304 1495 corma
319 1432 479 1496 Ciceronis
494 1432 658 1509 orationes,
678 1431 850 1496 Tuberonis
870 1367 1086 1516 indigestum,

141 1532 177 1580 at
192 1517 349 1581 Hortensii
364 1537 418 1602 pro
435 1517 545 1579 Verre.
584 1517 669 1588 Quia
685 1517 784 1594 etiam,
794 1518 921 1582 ⁴crudem
935 1539 1042 1580 causas
1056 1531 1089 1580 nt

109 1603 268 1686 aequisque
282 1602 390 1684 egeri-t,
408 1601 477 1664 utile
493 1603 548 1664 erit
569 1602 658 1664 scire.
705 1601 782 1665 Nam
797 1603 836 1666 de
851 1603 943 1666 domo
957 1603 1087 1667 Umero-

144 1687 190 1750 nis
206 1689 281 1750 dixit
293 1687 429 1750 Calidius
446 1708 453 1747 :
476 1701 507 1749 et
523 1708 577 1770 pro
594 1686 710 1749 Milone
725 1687 891 1750 orationem
907 1686 1019 1750 ans
1034 1708 1087 1749 ex·

145 1773 327 1836 oscitationis
343 1772 434 1854 gratia
450 1771 579 1855 scripsit,
598 1772 715 1833 etiamsi
726 1771 828 1853 egisse
841 1791 913 1834 eum
925 1770 1088 1832 Corneliam

145 1856 259 1919 Celsus
271 1856 347 1920 laiso
362 1857 524 1919 existimat.
564 1855 608 1918 Et
624 1855 724 1916 Pollio
738 1868 771 1916 et
785 1853 930 1918 Messalla
943 1852 1087 1918 deiende·

145 1956 214 2004 runt
229 1942 363 2018 eosdem,
375 1955 405 2004 et
419 1941 506 2004 nobis
523 1939 622 2024 pueris
637 1939 766 2023 insignes
802 1961 836 2001 ro
851 1938 1010 2002 Voluseno
1021 1937 1087 2002 Ca·

109 2027 220 2106 natale,
239 2025 368 2089 Domitii
387 2025 467 2104 Afri,
481 2025 584 2111 Crispi
601 2025 751 2104 Passieni,
801 2024 890 2088 ecinti
906 2022 1006 2090 Laelii
1021 2045 1087 2088 ora·

140 2113 243 2176 tiones
258 2112 438 2175 serebantur.

189 2198 297 2281 Neque
316 2198 346 2259 id
367 2197 464 2260 statim
487 2196 595 2279 legenti
618 2217 794 2277 petsoasum
816 2195 865 2270 sit,
878 2195 994 2268 omnia,
1008 2214 1088 2274 qne

146 2284 244 2366 magni
260 2296 399 2345 auctores
415 2282 555 2359 dixerint,
571 2280 673 2363 utique
692 2301 761 2341 esse
775 2276 919 2361 perfecta.
965 2274 1045 2338 Nam
1055 2290 1089 2339 et

145 2368 283 2430 labuntur
298 2368 467 2450 aliquande,
486 2380 515 2428 et
531 2365 612 2427 oneri
629 2365 751 2438 cedunt,
767 2376 798 2423 et
814 2360 963 2442 indulgent
976 2359 1087 2441 ingeni·

109 2472 230 2523 ssorum
246 2472 366 2515 suorum
379 2451 524 2535 voluptati
540 2472 548 2511 ι
572 2471 630 2511 nec
640 2470 762 2531 semper
772 2444 925 2508 intendunt
935 2444 1087 2507 amman:

147 2552 178 2600 et
192 2558 402 2621 nonnunquam
420 2535 576 2619 fatigantur
593 2556 599 2594 :
624 2556 694 2598 cum
708 2532 853 2595 Ciceroni
870 2530 1029 2594 dormitare
1045 2529 1088 2593 iu-

145 2624 234 2685 terim
250 2622 489 2697 Demosthenes,
509 2620 639 2683 Horatio
653 2641 727 2681 vero
743 2618 832 2681 etiam
854 2616 1009 2680 Homerus
1024 2616 1089 2699 ipse

147 2707 292 2770 videatm.
343 2706 460 2771 Summi
477 2705 554 2768 enim
572 2719 651 2782 sunt,
668 2703 803 2767 homines
818 2717 917 2766 tamen
934 2723 941 2763 ε
965 2701 1089 2765 accidit·

146 2808 205 2876 que
221 2793 278 2871 his„
296 2793 357 2876 qui,
372 2790 519 2875 quicquid
538 2792 617 2875 apud
638 2790 704 2852 illos
718 2788 894 2873 reperietur,
911 2786 1033 2851 dicendi
1047 2787 1089 2849 le·

108 2898 215 2961 segem
224 2891 341 2961 putant,
353 2890 385 2939 ut
397 2876 542 2938 deteriora
555 2876 714 2953 imitentur,
732 2874 776 2955 (id
791 2874 870 2936 enim
886 2870 1086 2952 estfaoilius‚)

146 2982 182 3025 ac
200 2984 233 3025 ee
250 2963 368 3025 abunde
389 2961 500 3024 similes
520 2975 635 3046 putent,
653 2960 678 3021 si
698 2960 769 3021 vnis
792 2978 966 3037 maganerum
980 2975 1089 3015 conse·

168 3063 285 3110 uantur.

146 3068 166 3131 q
193 3131 337 3194 Modesto
352 3146 452 3195 tamen
468 3144 497 3194 et
509 3130 731 3208 circumspecto
742 3120 858 3206 judicio
871 3121 909 3181 de
919 3116 1090 3180 annsvins

143 3216 401 3302 pronunciandum
417 3229 474 3293 est,
491 3236 541 3293 ne,
553 3212 635 3297 quod
645 3208 798 3293 ‘plerisque
813 3203 935 3282 accidi,
948 3204 1090 3267 damnent

105 3322 225 3389 equae
238 3324 300 3365 non
316 3302 490 3385 intelligunt.
540 3298 592 3361 Ac
614 3297 639 3359 si
661 3314 788 3357 necesse
803 3306 849 3356 est
863 3291 893 3354 in
908 3291 1029 3355 alteiam
1041 3312 1091 3355 er·

139 3378 351 3486 darepertem,
364 3385 463 3449 omnia
473 3404 575 3446 eorum
587 3379 752 3464 legentibus
762 3379 891 3470 placere,
900 3376 1090 3463 qmmmnlta

139 3474 175 3535 di
215 3474 321 3551 licere,
339 3470 503 3535 maluerim.

179 3492 361 3629 sillorimum,
384 3556 457 3619 dicit
482 3552 592 3616 oratori
613 3549 752 3639 omleue
778 3550 1006 3632 Theophrastus
1028 3542 1090 3603 lec·
