2459 4200
182 253 225 316 36
470 265 508 310 u.
528 265 624 310 rann
642 263 868 319 conmanunt

179 433 250 484 tae:
273 416 398 494 tumiis,
416 416 576 500 exquibus
598 437 703 480 omnes
723 416 948 480 controversiae
970 431 1119 498 constant,

68 577 71 584 1
175 502 326 588 personia,
341 499 453 584 foetis,
469 502 570 577 dictis,
589 502 702 579 causis,
718 502 913 584 temporibus,
931 503 1017 580 lucie,
1034 523 1121 566 oecu-

178 587 326 665 rionibur,
344 589 459 651 ceteris.
507 586 593 659 Quas
609 606 696 650 veras
712 609 780 650 esse
794 587 901 665 fateor,
919 590 974 652 sed
994 589 1024 650 in
1046 589 1122 653 baec

179 673 236 738 tria
250 693 361 756 genera
375 673 521 737 recidere.
569 671 647 736 Nam
670 673 694 736 si
714 673 852 757 judicem
875 673 1053 750 benerolem,
1075 683 1121 737 ut-

179 769 305 835 teutum,
322 758 451 823 docilem
474 759 584 835 habeo,
609 757 681 841 quid
703 757 829 842 amplius
852 758 982 822 debeam
1003 774 1142 843 optare,s

179 867 240 908 non
256 846 374 930 reperio
389 865 397 905 :
422 865 492 907 cum
507 857 603 906 metus
618 843 696 926 ipse,
714 845 764 926 qui
779 843 910 906 maxime
922 844 1039 906 videtur
1054 865 1123 907 esse

180 945 264 994 extra
287 929 375 1006 haec,
400 943 431 992 et
452 942 597 992 attentum
616 927 753 1012 judicem
775 926 876 1004 iaciat,
893 941 924 991 et
939 929 977 990 ab
992 927 1124 993 adverso

179 1013 283 1078 favore
299 1015 457 1078 deterreat.

223 1099 340 1162 Verum
355 1099 496 1184 quoniam
515 1119 576 1160 non
598 1111 645 1160 est
666 1097 738 1160 satis
760 1099 965 1162 demonstrare
980 1097 1123 1160 discenti·

179 1186 248 1263 bus,
259 1205 336 1268 quae
352 1186 409 1248 sint
424 1185 454 1246 in
469 1183 582 1246 ratione
599 1183 759 1266 prooemii,
770 1183 824 1245 sed
840 1183 1001 1246 dicendum
1016 1182 1121 1262 etiam,
1131 1201 1157 1242 n

180 1271 332 1356 quomodo
348 1269 452 1355 perlici
468 1267 607 1332 facillime
623 1267 760 1350 possint:
783 1267 842 1330 hoc
864 1267 988 1353 adjicio,
1005 1282 1037 1330 ut
1057 1268 1124 1333 dic·

180 1369 261 1420 turus
274 1355 430 1432 intueatur,
447 1354 544 1432 Quid,
555 1352 639 1436 opud
651 1373 749 1434 quem,
758 1373 815 1434 pro
824 1373 894 1435 quo,
907 1363 1012 1415 contro
1021 1373 1123 1435 quem,

180 1461 239 1523 quo
254 1450 395 1522 ternpore,
407 1460 464 1522 quo
481 1441 557 1513 beo,
570 1458 628 1520 quo
642 1457 745 1499 rerum
756 1447 847 1516 statu,
861 1459 922 1520 quo
935 1439 1023 1521 vulgi
1029 1436 1127 1520 sumu

180 1523 341 1586 dicendum
356 1523 420 1586 sit?
472 1523 557 1600 Quid
566 1521 704 1604 judicem
719 1524 829 1584 eeutire
845 1523 989 1586 credibile
1003 1523 1053 1600 sit,
1070 1545 1124 1587 au·

180 1621 302 1691 tequam
324 1604 526 1692 incipiamus?
550 1621 625 1684 turn,
649 1607 735 1684 Quid
757 1618 811 1670 aut
833 1608 1044 1686 derideremur,
1069 1621 1157 1672 outre

180 1694 374 1777 deprecemur
387 1693 404 1757 ΐῑ
449 1692 522 1778 Ipsa
538 1692 618 1754 illurn
630 1707 732 1757 natura
744 1715 782 1756 eo
794 1694 896 1770 ducet,
908 1707 939 1756 ut
951 1694 1038 1772 sciat,
1050 1695 1124 1777 quid

180 1781 310 1864 primurn
330 1779 492 1843 dicendum
502 1778 555 1841 sit.
602 1777 649 1840 At
663 1800 741 1841 nunc
757 1799 858 1856 omne,
875 1781 958 1864 quod
973 1780 1122 1863 coeperit,

180 1865 369 1950 prooemium
392 1879 506 1950 putant,
524 1878 566 1941 et,
583 1877 615 1926 ut
637 1863 768 1947 quidque
791 1865 948 1942 succurrit,
972 1865 1073 1948 utique
1096 1865 1123 1928 si

181 1950 278 2032 aliqua
308 1951 453 2014 sententia
477 1949 655 2026 blandiatur,
683 1950 861 2014 exordium..
901 1949 998 2012 Mrdta
1021 1963 1124 2012 autem

181 2033 245 2098 sine
261 2034 352 2098 dubio
369 2057 408 2098 ex
423 2035 486 2098 aliis
502 2034 634 2118 partibus
650 2047 727 2112 sunt,
745 2050 796 2098 aut
810 2035 874 2098 aliis
894 2033 1026 2119 partibus
1049 2055 1157 2097 cau-so
1218 2038 1219 2077 l

181 2142 234 2184 sae
249 2116 441 2185 communia:
465 2120 536 2183 nihil
559 2134 658 2183 tamen
681 2120 711 2183 in
733 2142 850 2205 quaque
871 2120 976 2183 melius
999 2119 1121 2198 dicitur,
1217 2171 1218 2190 ἶ

180 2227 269 2291 quarn
285 2207 366 2291 quod
381 2228 476 2291 aeque
491 2207 568 2270 bene
584 2206 644 2269 dici
661 2206 730 2269 alibi
745 2228 806 2269 non
822 2206 926 2290 possit.
1217 2259 1218 2264 ,

225 2291 356 2356 Multum
371 2294 481 2377 gratiae
497 2291 623 2357 exordio
639 2305 698 2370 est,
708 2292 789 2376 quod
801 2293 838 2355 ab
851 2292 969 2355 actione
984 2291 1122 2355 diversae
1217 2329 1219 2426 p

180 2378 272 2464 partis
285 2380 439 2443 materiam
455 2378 564 2455 trehit3
586 2379 644 2441 hoc
660 2378 738 2461 ipso,
752 2379 832 2462 quod
848 2400 907 2440 non
919 2377 1122 2460 compositum

180 2465 275 2541 domi,
293 2466 347 2526 sed
363 2464 404 2525 ibi
420 2478 508 2545 atque
524 2484 541 2525 e
557 2476 718 2536 renatum,
736 2476 766 2523 et
780 2462 922 2526 facilitate
945 2461 1055 2524 sarnam
1077 2460 1156 2523 inssss

179 2549 258 2630 genii
273 2560 372 2628 auget,
390 2561 420 2608 et
436 2546 512 2607 facie
528 2544 673 2627 simplicis
689 2545 837 2629 sumtique
858 2568 876 2608 e
896 2547 1035 2629 proximo
1057 2568 1121 2611 ser·

179 2631 277 2694 monis
292 2631 383 2694 fidem
398 2650 518 2713 quoque
534 2628 681 2711 acquirit:
705 2628 782 2691 adeo
806 2643 848 2706 ut,
869 2630 986 2693 etiamsi
1008 2632 1122 2715 reliqua

180 2716 292 2799 scripte
314 2728 402 2798 atque
426 2715 576 2778 elaborata
595 2714 664 2791 sint,
682 2728 780 2777 mmen
796 2714 971 2798 plerumque
986 2716 1124 2779 videatur

179 2814 243 2865 tota
258 2800 470 2883 extemporalis
485 2799 594 2876 oratio,
608 2798 694 2884 cujus
706 2798 820 2861 initium
830 2800 902 2861 nihil
912 2813 1123 2882 praeparatum

178 2885 319 2950 habuisse
336 2884 525 2949 manifestum
540 2898 596 2947 est.
1130 2910 1157 2951 aa
1215 2901 1216 2904 ’

223 2970 478 3055 Frequentissime
493 2992 566 3034 vero
581 2969 771 3054 prooemium
786 2971 907 3034 decebit
927 2984 958 3034 et
978 2971 1121 3034 sententi-

178 3079 273 3137 arum,
292 3071 322 3121 et
344 3055 584 3142 compositionis,
601 3068 632 3118 et
654 3055 750 3132 vocis,
776 3070 807 3121 et
827 3057 926 3120 vultus
948 3054 1120 3119 modestiae
1215 3077 1216 3110 t

178 3146 256 3209 adeo
279 3158 311 3207 ut
333 3143 362 3206 in
384 3165 494 3227 genere
516 3162 626 3206 causae
642 3141 732 3204 etiam
747 3142 943 3219 indubitabili,
961 3140 1069 3203 fiducia
1084 3162 1120 3205 sc

177 3228 243 3325 ipsa
258 3228 381 3289 nimium
396 3250 522 3311 exerere
537 3250 596 3292 non
613 3227 731 3291 debeat.
772 3226 847 3291 Odit
858 3228 938 3291 enim
948 3227 1043 3311 judex
1056 3224 1120 3289 scre
1214 3279 1215 3310 2

177 3311 316 3393 litigantis
332 3313 547 3375 securitatem:
569 3333 698 3396 cumque
709 3311 862 3399 jussuum
877 3312 1030 3394 intelligat,
1043 3311 1155 3375 tuci-ss
1214 3329 1215 3368 ὲ

177 3410 225 3460 tus
241 3395 437 3459 reverentiam
455 3395 596 3479 postulat.

220 3478 290 3545 Nec
313 3480 408 3545 minus
431 3481 598 3564 diligenter,
614 3502 654 3545 ne
675 3478 809 3568 suspecti
833 3481 925 3545 simus
949 3481 999 3544 illa
1021 3496 1117 3566 parte,

177 3567 355 3633 vitandum:
386 3581 509 3653 propter
538 3566 621 3652 quod
649 3567 771 3632 minime
799 3566 939 3631 ostentari
969 3568 1061 3632 debet
1088 3566 1120 3631 in
