2459 4200
352 269 508 316 seusun
526 267 676 325 euentus
691 269 830 318 essars.
1035 256 1081 317 π

137 422 312 485 Uostrutuss
339 433 431 485 morte
456 421 605 506 Africani
632 425 862 508 rempublicam,
887 435 930 501 st,
959 423 1083 487 sorem

131 510 237 572 turias
264 510 431 572 Gluscs'um
445 532 456 586 ;
479 531 517 571 ne
533 509 625 572 nimio
640 509 756 595 major:
779 525 841 589 sut,
856 510 939 596 quod
960 508 1082 608 sseplm

133 594 257 670 accidit,
275 595 374 656 minor
388 613 395 668 3
418 616 456 656 ue
466 595 640 658 dissimilis:
663 617 789 679 quorum
804 596 943 682 exempla
959 596 1081 660 nimsum

133 677 304 762 frequenter
315 679 531 762 deprehendet,
542 681 592 763 qui
603 681 704 744 scierit
719 682 795 745 baec
804 682 876 745 vitis
886 703 966 746 esse.
1014 677 1081 744 Sed

92 785 107 824 s
135 765 225 848 copia
242 785 362 848 qunque
385 766 507 828 modum
529 787 649 848 egressu
661 767 769 830 vitiosa
784 782 853 844 est3
876 765 1082 852 prsecipueiu

135 851 243 914 sedem
258 851 374 933 specie.
425 850 503 915 Sunt
526 864 557 912 et
580 852 684 929 durae,
697 851 729 914 id
744 867 838 931 est,s
859 853 1018 938 longinqua
1041 849 1081 914 si·

129 936 299 1000 militudine
316 937 442 999 ductae:
466 951 509 1011 ut,
525 935 810 1018 Capitoniana,

313 1072 410 1137 Jupiter
421 1071 535 1122 hibernas
546 1091 609 1124 usos
619 1075 678 1124 nire
690 1075 803 1140 conspuit
815 1075 900 1140 Alpes.

136 1191 174 1254 lu
188 1187 240 1253 illo
250 1211 325 1252 vero
341 1189 499 1274 plurimum
515 1191 637 1269 erroris,
648 1193 730 1275 quod
745 1214 793 1269 en,
809 1215 885 1276 quae
901 1195 1001 1278 poetis
1017 1194 1082 1278 (qui

97 1290 168 1340 suet
192 1277 290 1338 omnia
319 1278 357 1338 sd
384 1276 569 1359 voluptatem
593 1275 736 1354 referunt,
762 1293 794 1340 et
817 1279 942 1360 plurima
965 1295 1083 1342 vertero

131 1363 225 1428 etism
247 1362 313 1445 ipsa
338 1361 423 1424 metri
451 1361 633 1424 necessitate
658 1363 816 1445 coguntur)
834 1362 982 1446 permissa
1002 1381 1080 1440 sunt,

133 1449 297 1512 convenire
328 1447 448 1530 quidam
479 1447 568 1510 etiam
600 1469 708 1530 prosae
739 1462 850 1531 putant.
898 1448 945 1512 At
968 1470 1026 1534 ego
1051 1450 1083 1514 in

132 1534 252 1616 agendo
268 1554 326 1594 nec
339 1542 489 1613 pastorem
507 1535 617 1615 populi
631 1548 755 1597 auctore
775 1532 915 1598 Homero
929 1535 1081 1600 dixerim:

135 1641 191 1681 neo
206 1619 345 1680 uolucres
361 1619 473 1700 pennis
488 1619 638 1700 remigare
654 1641 664 1679 .·
686 1619 758 1682 licet
774 1619 916 1702 Virgilius
931 1621 960 1682 in
975 1621 1082 1704 apibus

100 1703 170 1767 isac
195 1703 341 1766 Daedalo
362 1703 587 1786 speciosissime
610 1705 648 1766 sit
670 1727 752 1768 usus.
800 1703 981 1788 Metapbora
1002 1705 1083 1766 euim

136 1803 184 1852 sut
198 1803 357 1852 vacantem
381 1809 532 1871 occupare
553 1789 654 1850 locum
669 1789 772 1864 debet,
790 1804 852 1865 aut,
868 1789 894 1851 si
909 1790 939 1850 in
954 1787 1083 1852 alienum

136 1874 230 1949 venit,
249 1874 312 1956 plus
329 1873 428 1936 valere
445 1893 494 1950 eo,
512 1873 592 1955 quod
607 1873 740 1956 expellit.

182 1957 275 2028 Quod
305 1959 454 2042 aliquanto
486 1979 582 2040 paene
612 1957 702 2022 etism
726 1959 821 2042 magis
836 1960 874 2021 de
898 1959 1083 2042 synecdoche

137 2045 245 2110 dicum.
304 2042 382 2109 Num
406 2044 567 2107 translatio
586 2046 798 2129 permovendis
824 2045 928 2109 animis
953 2046 1082 2131 plerum·

101 2152 194 2215 noque
214 2146 247 2195 et
263 2130 415 2213 signandis
436 2130 537 2209 rebus,
555 2153 591 2193 so
614 2132 670 2194 sub
692 2132 798 2195 oculos
819 2132 1013 2215 subjiciendis
1034 2153 1084 2193 re·

137 2232 222 2302 perta
245 2231 314 2280 est:
338 2215 414 2279 haec
437 2217 550 2279 variare
575 2238 745 2278 sermonem
772 2231 884 2299 potest,
905 2232 937 2277 ut
959 2236 999 2277 ex
1022 2234 1082 2276 uno

138 2304 236 2387 plures
259 2302 466 2384 intelligamus,
485 2314 567 2385 parte
589 2315 696 2374 totum,
714 2301 818 2382 specie
835 2320 940 2380 genus,
958 2318 1083 2380 proece-

138 2389 276 2452 deutibus
306 2388 471 2471 sequentis,
496 2387 545 2449 vel
574 2384 676 2447 omnis
705 2384 781 2446 haec
803 2397 933 2458 contrs3
962 2381 1084 2445 liberior

138 2475 249 2559 possis,
264 2494 355 2557 quum
380 2472 557 2536 oratoribus.
627 2469 706 2533 Nam
731 2489 833 2554 proso,
855 2482 888 2531 ut
909 2486 1084 2531 mucronem

103 2580 193 2644 aspro
210 2560 325 2643 glsdio,
344 2573 374 2621 et
388 2568 495 2621 tectum
518 2580 572 2641 pro
589 2558 681 2619 domo
702 2556 852 2639 recipiet:
876 2555 916 2618 ita
930 2576 991 2617 non
1003 2572 1083 2638 pup-

136 2645 201 2728 pim
223 2666 280 2728 pro
302 2645 383 2720 nevi,
400 2666 457 2705 uec-
473 2643 598 2705 abietem
618 2664 674 2726 pro
689 2642 817 2705 tabellis.
864 2640 907 2704 Et
925 2662 1036 2720 rursus,
1052 2656 1085 2705 ut

139 2752 195 2814 pru
209 2730 309 2813 gladio
317 2728 453 2811 serrum,
470 2729 510 2791 ita
525 2750 584 2791 nou
599 2749 655 2812 pro
671 2750 750 2811 equo
764 2727 1000 2810 quadrupedem.

182 2814 321 2877 Maxime
343 2830 441 2877 autem
464 2814 492 2875 in
512 2815 625 2875 orando
640 2814 751 2875 valebit
771 2834 961 2876 numerorum
980 2812 1030 2873 illa
1049 2810 1085 2872 li·

138 2900 248 2963 bertas.
296 2899 374 2962 Nam
392 2912 421 2961 et
436 2898 543 2961 Livius
559 2920 652 2983 saepe
666 2900 711 2961 sic
727 2899 812 2974 dicit,
827 2900 985 2961 Romanus
996 2913 1084 2977 pros·

104 2983 312 3063 suborietur,
340 3006 409 3047 cum
440 2983 599 3047 Romanos
622 2984 733 3045 vicisse
756 2982 924 3062 significat:
956 2994 988 3040 et
1008 2996 1084 3038 con·

134 3084 184 3135 tra
200 3070 315 3133 Cicero
341 3072 380 3133 sd
408 3070 547 3146 Brutum,
581 3068 713 3147 Populo,
738 3064 842 3144 iuquit,
873 3060 1084 3142 imposuimus,

139 3160 170 3219 el
185 3164 316 3217 oratores
336 3156 395 3217 uisi
418 3176 531 3231 sumus,
556 3173 625 3214 cum
651 3149 688 3210 de
711 3168 744 3209 se
766 3159 880 3207 tantum
902 3146 1083 3230 loqueretur.

137 3238 237 3312 Quod
252 3260 344 3323 genus
361 3262 419 3303 non
438 3240 588 3303 orationes
609 3234 703 3298 modo
719 3246 817 3310 ornat,
835 3233 889 3296 sed
906 3234 995 3297 etiam
1010 3253 1086 3319 quo·

136 3324 241 3391 tidiani
265 3328 410 3389 sermonis
433 3348 504 3389 usus
526 3323 644 3407 recipit.
690 3319 825 3393 Quidam
841 3320 1017 3396 συνεκδοιὴν
1031 3340 1086 3384 vo·

106 3408 220 3490 meant,
238 3427 355 3476 etcum
371 3412 413 3489 id,
431 3412 460 3473 in
476 3424 619 3473 contextu
634 3408 780 3472 sermonis
796 3404 877 3492 quod
891 3418 1019 3482 tacetur,
1035 3424 1087 3468 sc·

141 3499 279 3583 cipimus.
329 3498 467 3560 Verbum
490 3495 568 3558 enim
583 3516 625 3558 ex
639 3495 734 3558 verbo
756 3491 891 3579 intelligi,
907 3491 989 3575 quod
1010 3489 1087 3548 inter

141 3580 211 3647 titis
220 3582 342 3667 ellipsis
357 3599 494 3703 vosapur.
