2459 4200
153 266 215 327 1⁷2
428 278 465 323 ιι.
487 278 581 323 mn
599 238 826 331 aurnrrntsnr

475 611 618 672 CAPUT
638 610 756 670 XXVI.

510 803 551 843 DE
566 802 726 843 munietur.

192 940 394 1007 Μιιιιοιιιιι
404 941 526 1025 quidem
540 954 662 1005 naturae
676 939 769 1003 modo
784 958 852 1001 esse
867 957 972 1001 miurus
986 938 1093 1003 existi·

148 1042 313 1105 naverunt,
330 1042 434 1111 estque
457 1028 486 1090 in
507 1048 543 1090 ea
563 1046 623 1125 non
638 1026 729 1089 dubie
749 1023 1095 1109 plurimum3eed1pse

149 1112 332 1191 excolendo,
348 1113 427 1177 sieut
448 1114 503 1177 elia
522 1112 632 1191 omnia,
650 1126 795 1195 angetur:
818 1123 848 1171 et
866 1123 959 1185 totns,
975 1110 1016 1172 de
1031 1130 1096 1194 quo

149 1198 278 1261 diximus
300 1198 435 1275 adhuc,
428 1199 523 1262 inanis
536 1212 582 1262 est
596 1197 737 1274 labor,'
709 1196 765 1259 nrsi
780 1209 900 1257 ceterae
916 1209 1017 1277 partes
1031 1195 1095 1259 hoc

150 1284 230 1346 velut
245 1283 348 1367 spiritu
364 1284 560 1347 continentur
607 1282 687 1346 Nem
702 1297 733 1345 et
747 1280 843 1344 omnis
854 1280 1014 1363 disciplina
1029 1303 1094 1345 me·
1080 1298 1115 1338 -e

151 1369 245 1431 moris
275 1382 404 1445 constat,
421 1367 586 1452 frustraque
611 1366 807 1443 docemur,
783 1389 820 1442 si,
838 1366 979 1449 quicquid
1008 1368 1095 1429 sudi

150 1474 227 1529 mus,
255 1454 466 1535 praeterfluat:
491 1468 521 1517 et
551 1454 769 1537 exemplorum,
795 1452 906 1533 legum,
930 1469 1093 1534 responso·

150 1556 227 1612 rum,
245 1537 392 1600 dictorum
408 1538 536 1621 denique
555 1537 760 1620 laetorumque
780 1537 862 1599 velut
879 1533 1022 1619 quasdem
1037 1555 1093 1599 ce·

150 1620 226 1769 pias,
255 1621 360 1707 quibus
391 1622 552 1699 abundare,
580 1642 713 1706 quasque
743 1623 771 1684 in
802 1636 942 1704 promptu
971 1641 1095 1705 semper

171 1706 261 1769 rbere
276 1706 367 1771 debet
381 1722 492 1785 orator,
510 1708 616 1770 eadem
636 1707 732 1769 illa
705 1728 750 1769 vis
766 1720 981 1807 repraesentat
1026 1705 1130 1769 Neu
1227 1691 1228 1696 ¹

150 1812 209 1874 que
224 1792 372 1855 immerito
387 1793 544 1856 thesaurus
558 1793 607 1856 hic
623 1790 809 1891 eloquentiae
824 1790 943 1855 dicitur.

197 1876 262 1941 Sed
285 1898 345 1941 nou
367 1879 453 1941 firme
474 1892 586 1941 tantum
609 1879 774 1955 continere,
791 1897 896 1939 verum
917 1875 1008 1939 etiem
1030 1877 1093 1939 cito

151 1961 310 2056 percipere
336 1963 427 2025 mults
453 1978 573 2025 acturos
595 1977 726 2045 oportet,
750 1982 808 2025 nec
831 1980 909 2044 quae
935 1962 1095 2044 scripseris

151 2043 265 2106 modo
258 2055 361 2108 iterata
377 2046 507 2110 lectione
523 2047 697 2131 complecti,
709 2047 809 2110 sedin
824 2046 962 2128 cogitatis
974 2064 1094 2130 quoque

151 2149 249 2191 rerum
264 2147 300 2192 eo
316 2132 476 2194 verborum
495 2147 669 2196 contextum
691 2130 798 2216 sequi:
821 2144 865 2208 et,
881 2151 959 2213 quae
979 2132 1036 2194 sint
1053 2133 1130 2196 abrs
1227 2138 1228 2215 j

151 2215 277 2280 adverse
306 2231 391 2316 parte
416 2218 506 2296 dicte,
531 2218 728 2282 meminisse.
751 2237 808 2280 nec
831 2215 933 2298 utique
957 2235 1007 2293 es,
1031 2235 1094 2299 quo

152 2300 312 2366 dictasunt
328 2302 443 2382 ordine,
460 2302 599 2381 refutare,
616 2305 671 2367 sed
686 2301 860 2401 opportunis
875 2299 951 2363 loeis
966 2320 1091 2383 ponere

117 2413 119 2418 ’
152 2385 236 2457 Quid
252 2387 264 2449 i
288 2389 500 2472 extemporalis
516 2390 611 2452 oratio
626 2410 683 2450 nec
699 2388 757 2451 alio
773 2385 844 2450 mihi
855 2385 973 2448 videtur
986 2386 1095 2450 mentis

152 2472 254 2555 vigore
273 2489 420 2536 constare.
467 2473 546 2535 Nam
568 2475 638 2536 dum
662 2473 719 2535 alia
738 2473 877 2548 dioimus,
894 2491 977 2570 quae·
985 2471 1094 2534 dicturi

151 2577 263 2634 sumus,
281 2556 420 2618 intuenda
435 2571 512 2618 sunt
562 2555 608 2618 Ita
627 2577 696 2619 cum
716 2576 837 2654 semper
855 2554 999 2636 cogitatio
1017 2557 1130 2620 ultrano

151 2640 192 2713 id,
210 2641 290 2720 quod
313 2655 369 2715 est,
386 2640 500 2722 longius
521 2641 647 2722 quaerit,
665 2640 836 2724 quicquid
828 2640 945 2702 interim
967 2637 1091 2725 reperit,

150 2724 371 2804 quodammodo
387 2725 467 2804 apud
482 2724 655 2786 memoriam
669 2725 815 2807 deponit:
838 2724 919 2805 quod
935 2725 995 2802 illa,
1009 2721 1096 2809 quasi

151 2805 247 2868 media
270 2806 415 2888 quaedam
438 2827 553 2884 manus,
570 2821 730 2890 acceptum
751 2808 820 2870 ab
812 2807 981 2869 inventione
1003 2811 1098 2875 tradit

63 2907 66 2914 ’
150 2889 321 2954 elocutioni

194 2976 263 3040 Non
287 2977 411 3040 arbitror
434 2992 531 3040 autem
554 2976 675 3039 mihim
696 2977 754 3039 hoo
772 2977 1003 3077 immorandum,
1020 2979 1131 3062 quidss

150 3063 198 3143 sit,
211 3065 291 3148 quod
307 3063 482 3126 memoriam
497 3062 608 3139 saciat:
632 3076 797 3161 quanquam
814 3063 970 3147 plerique
962 3065 1092 3148 rmprimi

151 3151 305 3231 quaedam
312 3150 435 3232 vestigia
454 3150 564 3226 animo,
583 3147 707 3212 velutin
724 3149 802 3211 ceris
817 3149 1032 3212 annulorum
1009 3169 1092 3232 srgna

151 3249 316 3330 serventur,
347 3236 526 3298 existimant.
575 3233 682 3318 Neque
712 3256 765 3297 ero
795 3248 856 3297 tam
882 3235 1032 3334 credulus,
1059 3248 1092 3297 ut

150 3318 232 3397 quasi
260 3317 373 3378 habitu
390 3320 549 3382 tardiorem
578 3320 799 3402 firmioremque
829 3321 1003 3383 memoriam
1028 3319 1128 3468 fierine

150 3413 262 3484 putem

193 3485 270 3571 Ejus
287 3497 396 3560 autem,
408 3475 488 3568 quod
505 3489 541 3550 ed
558 3489 686 3552 animum
703 3489 839 3572 pertinet,
855 3489 947 3572 magis
963 3427 1128 3552 admirerm

150 3589 305 3637 naturam:
330 3569 427 3634 subito
446 3592 493 3633 res
509 3587 652 3651 vetustas,
671 3588 752 3636 tanto
773 3595 813 3636 ex
833 3574 988 3638 intervallo
1003 3596 1090 3658 repe·

1227 3464 1229 3649 l
