2459 4200
243 314 248 335 t
338 294 492 341 sennem
508 296 664 350 euentu
680 298 818 343 crrrrr.
1008 286 1071 345 Μ

128 442 242 521 Cleon,
260 458 292 507 ct
307 445 447 511 usitatum
465 462 523 525 est,
541 463 572 511 et
592 449 775 533 indignantes
789 450 891 527 dccet,
909 464 940 514 ct
959 451 1075 516 excitat

129 532 308 593 traditorem.
356 530 455 616 quue
485 534 513 595 in
536 533 658 597 Calidio
679 535 795 599 Cicero
818 536 978 615 desiderat,
995 537 1074 600 Non

126 613 232 697 frunt,
249 616 354 701 inquit,
370 637 526 700 mearco,
544 640 606 681 non
620 618 736 701 semor.
782 620 976 703 Quanquam,
993 622 1020 685 si
1039 623 1074 685 li-

128 716 192 779 cet,
206 703 249 765 de
269 702 366 765 bento
382 704 534 767 dissentio.
582 704 662 767 Nam
682 707 772 769 etiam
792 706 990 789 complodere
1012 728 1074 771 ma·

106 806 187 849 snus
202 788 356 851 scenicam
372 802 430 866 est,
442 804 473 853 et
487 804 593 873 pectus
603 791 745 871 caedere.
787 790 865 853 Illud
876 812 997 877 quoque
1007 812 1075 857 rare

131 872 264 950 decebit,
282 894 358 935 cava
380 896 468 937 manu
490 876 615 939 summis
629 876 728 959 digitis
749 890 858 960 pectus
875 878 1076 959 appeteresi

129 958 251 1041 quando
267 972 385 1021 nosmet
400 959 482 1044 ipsos
497 961 684 1044 alloquimur,
700 962 904 1038 cohortantes,
917 961 1074 1046 objurgen-

129 1056 189 1120 tes,
201 1043 377 1107 miserantes
394 1066 401 1105 ε
424 1046 504 1128 quod
516 1047 541 1109 si
552 1048 673 1129 quando
684 1048 747 1124 liet,
758 1062 858 1130 togam
869 1068 990 1131 qnoque
1001 1048 1075 1111 inde

130 1129 281 1191 removeri
297 1150 354 1190 non
367 1130 537 1194 dedecebit
579 1132 615 1194 ln
631 1133 758 1215 pedibus
773 1134 968 1195 observantur
982 1148 1075 1197 status

95 1228 163 1277 raet
182 1214 329 1277 incessus.
376 1214 501 1278 Prolato
516 1216 626 1278 dextro
648 1231 738 1293 stare,
756 1231 787 1278 ct
808 1218 935 1278 eandem
957 1238 1075 1279 manum

131 1320 170 1362 ac
191 1300 300 1382 podem
323 1299 469 1383 prolerre,
485 1299 623 1363 deforme
641 1316 701 1363 cst.
749 1299 785 1361 In
801 1301 939 1363 dextrum
961 1301 1076 1363 incum-

130 1381 206 1448 bere
217 1385 334 1448 interim
347 1387 443 1463 datur,
455 1388 509 1449 sed
524 1407 622 1470 aequo
637 1400 762 1469 pectore
777 1406 785 1446 τ
808 1385 858 1470 qui
870 1400 968 1449 tamen
979 1386 1076 1449 comi·

132 1490 186 1533 cus
209 1471 315 1553 megia,
330 1492 422 1555 quam
435 1472 583 1535 oratorius
604 1486 705 1556 gestus
724 1486 781 1535 cst.
830 1470 914 1535 Male
933 1472 1024 1535 edam
1044 1472 1076 1534 in

111 1556 284 1619 sinistrum
306 1558 415 1641 pedem
439 1556 634 1621 insistentium
657 1558 764 1621 dexter
785 1573 835 1621 aut
857 1558 1008 1636 attolitur,
1025 1572 1076 1621 em

98 1641 257 1705 rasummis
270 1641 370 1724 digitis
386 1642 583 1726 suspenditur.
632 1643 778 1707 Vericare
790 1666 882 1727 supra
895 1645 1031 1720 modum,
1043 1656 1076 1705 ct

90 1754 95 1759 ·
132 1726 162 1789 in
185 1727 292 1789 stando
308 1726 442 1793 domme
462 1742 521 1802 cst,
537 1742 581 1805 et,
598 1730 764 1792 accedente
783 1743 881 1802 motu,
899 1748 995 1809 prope
1020 1727 1075 1787 ob·

132 1832 269 1875 acanum.
317 1812 481 1875 Procurslo
496 1826 665 1894 opportuna
685 1812 797 1888 brevis,
814 1812 979 1886 moderata,
996 1828 1072 1870 rere.

94 1926 96 1931 s
131 1894 305 1959 Conveniet
327 1898 417 1963 etiam
439 1896 599 1959 ambulatio
613 1896 774 1979 quaedam,
791 1907 915 1977 prepter
935 1892 1075 1955 immodi-

133 2000 187 2043 cas
208 1980 411 2045 laudationum
432 2002 557 2045 moras:
580 2002 749 2065 quanquam
764 1980 879 2044 Cicero
899 2000 1006 2042 mmm
1024 1978 1075 2041 in·

97 2084 258 2145 necatum,
271 2088 369 2152 neque
382 2068 424 2130 ita
440 2068 560 2152 longum
575 2068 692 2152 prebat.
732 2066 915 2131 Discussere
928 2086 1015 2143 vero,
1030 2078 1073 2143 et,

133 2153 215 2235 quod
231 2153 386 2216 Domitius
403 2153 481 2216 Afer
493 2155 534 2215 de
551 2153 632 2217 Sum
648 2153 754 2214 Mallio
768 2154 854 2226 dixit,
870 2163 1019 2230 satagere,
1030 2151 1075 2211 in·

93 2287 96 2296 ,
134 2237 320 2320 aptissimum
333 2261 341 2298 t
363 2238 535 2318 urbaneque
546 2237 658 2296 Flavus
670 2228 823 2315 Virginius
835 2231 1026 2312 interrogavit
1036 2232 1076 2293 dc

133 2325 263 2405 quodam
279 2343 333 2385 suo
346 2321 552 2402 antisophiste,
565 2319 748 2400 quottidie
755 2335 901 2396 persuum
910 2315 1076 2375 terune·
1110 2347 1124 2357 -

132 2407 208 2469 teti
253 2405 442 2488 Praecipiet
460 2404 532 2466 illud
549 2402 630 2476 scio,
645 2421 684 2462 ne
705 2399 889 2462 ambulantes
909 2411 1077 2460 avertamur

97 2509 152 2554 ee
162 2491 327 2576 judicibus,
342 2489 399 2552 sed
422 2489 479 2551 sint
500 2486 611 2569 obliqui
636 2485 729 2566 pedes
751 2485 790 2547 ad
811 2482 968 2545 consilium
989 2481 1076 2544 nobis

132 2575 373 2658 respicientibus.
420 2571 459 2634 Id
488 2572 552 2633 fieri
574 2569 696 2655 judiciis
721 2567 850 2654 privatis.
874 2587 934 2628 non
962 2578 1073 2648 potest.

133 2659 253 2722 Verum
275 2671 306 2720 st
326 2657 464 2719 breviora
486 2670 554 2719 sunt
575 2654 681 2738 spatia,
698 2676 756 2718 nec
777 2652 875 2716 aversi
890 2652 939 2714 diu
960 2672 1073 2716 summ.

134 2742 261 2807 Interim
281 2755 381 2806 tamen
401 2742 545 2804 recedere
565 2740 677 2804 sensim
692 2742 788 2804 datur.
831 2737 968 2810 eridam
983 2751 1015 2800 et
1028 2757 1076 2801 re·

133 2827 243 2903 siliunt,
262 2826 341 2910 quod
358 2842 404 2891 est
420 2826 506 2912 plane
521 2827 689 2891 ridiculum.

93 2931 127 2992 ,aa
178 2913 272 2976 Pedis
286 2914 454 2997 supplosio,
465 2928 497 2976 ut
512 2914 581 2976 loco
597 2927 644 2975 est
655 2925 837 2995 opportune,
849 2923 881 2971 ut
895 2909 936 2971 ait
948 2908 1075 2984 Cicero,

133 2999 168 3059 in
184 2999 422 3059 contentionibus
436 3007 490 3058 out
500 2997 687 3078 incipiendis
696 3005 751 3054 out
758 2991 909 3074 finiendis
923 3013 933 3050 .·
955 2991 997 3051 ita
1008 3011 1077 3052 crc-

132 3083 187 3146 bra
203 3095 234 3142 et
249 3080 341 3162 inepti
355 3095 403 3142 est
423 3079 561 3154 hominis,
579 3093 609 3139 et
624 3077 733 3139 desinit
749 3074 885 3158 judicem
905 3075 935 3135 in
956 3093 989 3136 sc
1002 3095 1077 3136 con·

133 3179 263 3230 uertere.
311 3162 369 3226 Est
384 3179 415 3226 at
429 3163 476 3225 illa
493 3161 681 3223 indecora-iu
694 3162 835 3223 dextrum
850 3181 887 3222 ac
901 3159 1021 3222 laevum
1035 3159 1078 3224 la·

132 3266 181 3314 tus
194 3249 343 3312 vacillatio
357 3248 477 3314 alternis
494 3247 621 3330 pedmus
634 3245 844 3308 insistentium.
885 3243 1078 3328 Longissime

100 3335 273 3421 refugienda
286 3335 382 3398 mollis
394 3334 485 3410 antio,
495 3332 615 3417 qualern
628 3332 656 3394 in
668 3331 755 3394 'Pi-tio
764 3329 878 3394 Cicero
890 3331 963 3395 dicit
973 3331 1077 3411 fuisse,

133 3423 214 3485 rande
230 3421 320 3485 etiem
339 3420 503 3484 saltationis
519 3419 671 3503 quoddam
688 3438 781 3501 genus
802 3418 906 3481 Titius
920 3419 959 3482 sit
975 3417 1079 3500 appel·

134 3507 237 3571 latum.
285 3506 550 3592 Reprehendendus
572 3517 602 3567 et
622 3504 671 3567 illa
685 3503 824 3588 frequens
840 3519 872 3568 et
886 3502 1039 3597 concitem
1046 3499 1079 3595 ip

134 3607 292 3676 utramque
312 3607 428 3677 partem
442 3591 578 3668 mutatio,
596 3611 685 3674 quarn
699 3591 730 3654 in
745 3590 879 3655 Curione
893 3599 977 3670 petre
991 3594 1080 3644 tmstt
