2459 4200
338 302 494 353 rrnncnt
512 302 660 359 uuonan
678 302 815 352 crarta.
1016 292 1079 361 163

207 459 283 536 luci,
300 477 363 534 aaa,
379 456 516 541 inquom,
531 456 659 538 imploro
674 464 760 538 utque
776 464 876 534 tratur,
887 478 1008 541 ratque,
1019 459 1080 531 Al·

134 479 282 611 nitorem
298 542 422 607 obrutae
437 562 523 617 orne,
538 562 695 604 antrorum
706 542 814 623 populi
830 542 964 605 Romani
978 548 1080 617 aeriae

132 641 161 696 rt
174 630 338 713 muncler:
361 650 420 693 non
436 626 614 693 conveniant
633 627 742 691 barbae
763 626 804 689 illi
824 642 913 711 atque
929 631 1076 701 tristitiae„

178 714 224 781 At
238 714 282 779 vir
291 712 405 791 civilis,
418 733 551 796 vereque
566 712 695 795 sapiens,
706 712 756 794 qui
772 734 806 777 se
822 734 881 775 non
896 715 1001 779 otiosis
1016 718 1077 785 dia·

110 800 343 885 mutationibus,
362 799 416 863 aed
432 797 675 863 administrationi
691 796 871 879 reipublicae
887 800 1078 881 dediderit,a

132 906 191 969 qua
202 884 374 969 longissime
389 883 448 959 isti,
460 883 509 965 qui
524 881 694 965 philosophi
705 899 861 960 vocantur,
873 902 1077 967 recesserunt,

131 971 243 1047 omnia,
261 991 337 1053 quae
352 970 390 1030 ad
407 968 595 1031 efficiendum
611 968 757 1043 oratione,
775 970 854 1051 quod
872 974 1074 1054 proposuerit,

130 1055 241 1128 rolant,
259 1054 384 1119 libenter
406 1052 578 1118 adhibebit:
603 1074 672 1117 curn
700 1054 791 1135 prius,
808 1052 891 1137 quon
916 1057 1074 1123 honestum

131 1140 181 1216 rit,
199 1141 319 1205 efficere
336 1139 364 1201 in
380 1138 479 1203 nmmo
494 1159 550 1203 suo
565 1138 762 1204 constituerit.

97 1250 123 1290 aa
174 1224 232 1291 Est
244 1224 325 1307 quod
337 1223 487 1306 principes
500 1224 619 1298 deceat,
630 1223 695 1286 aliis
706 1244 765 1284 non
776 1224 976 1287 concesseris.
1011 1224 1074 1291 Im·

130 1324 299 1394 peratorum
319 1330 355 1373 ao
373 1308 592 1391 triumphalium
610 1321 746 1390 separata
763 1321 808 1371 est
823 1308 918 1390 aliqua
934 1330 973 1373 ax
989 1323 1075 1391 parta

129 1395 206 1459 ratio
224 1394 436 1477 eloquentiae:
460 1393 537 1459 siout
560 1392 726 1484 Pompeius
747 1392 864 1457 abunde
880 1393 1006 1458 disertae
1024 1417 1073 1461 re·

128 1501 201 1552 rum,
210 1501 329 1544 suarum
343 1493 477 1544 narrator
494 1499 501 1541 r
525 1491 556 1540 et
570 1477 630 1553 hic,
649 1479 699 1560 qui
713 1476 793 1543 bello
808 1478 888 1545 cirili
903 1500 939 1545 se
953 1478 1073 1549 intersa-

129 1564 184 1641 oit,
199 1564 280 1629 Cato
297 1564 439 1646 eloquens
454 1576 574 1629 senator
589 1560 652 1626 fnit.
1074 1614 1080 1620 ,

95 1674 122 1713 ra
175 1648 262 1713 Idem
278 1649 391 1713 dictum
411 1670 502 1731 saepe
522 1648 550 1713 in
569 1648 628 1709 alio
641 1647 778 1724 liberum,
795 1647 825 1712 in
840 1648 898 1713 alio
913 1647 1070 1729 furiosum,

128 1735 159 1796 in
173 1734 231 1797 alio
247 1734 406 1818 superbum
423 1747 477 1795 est.
526 1732 631 1795 Verba
651 1733 793 1794 adversus
810 1732 1072 1813 Agamemnonem

128 1840 146 1883 a
164 1818 308 1883 Thersite
325 1818 424 1883 habita
439 1818 593 1880 ridentur:
617 1818 656 1878 da
677 1815 724 1877 illa
743 1816 901 1892 Diomedi,
918 1817 1006 1883 aliive
1021 1817 1070 1879 cui

127 1904 206 1988 pari,
224 1924 359 1985 magnum
381 1903 511 1969 animum
527 1901 604 1967 serre
626 1921 697 1983 prae
715 1922 748 1964 se
763 1899 949 1965 ridebuntur.
997 1902 1071 1984 Ego

128 2000 157 2054 te
174 1990 323 2053 contulero
334 1998 447 2069 putem,
464 1986 557 2070 inquit
577 1984 620 2051 L.
634 1985 762 2054 Crassus
781 1984 936 2069 Philippo,
955 2006 1024 2051 tum
1037 1997 1071 2055 lat

93 2094 177 2141 rame
191 2094 252 2137 nort
268 2084 355 2156 puter
370 2072 566 2140 sanatorem?
611 2070 685 2134 Vox
704 2070 929 2136 honestissimae
951 2072 1071 2142 liberta·

127 2161 191 2236 tis;
213 2182 273 2224 non
296 2173 395 2226 tamen
418 2159 511 2224 serres
531 2179 739 2242 quemcunque
762 2157 926 2222 dicentem.
971 2159 1070 2239 Negat

127 2267 161 2311 se
184 2245 283 2328 magni
305 2243 407 2310 lacere
428 2243 533 2328 aliquis
556 2246 723 2325 poetarum,
739 2251 842 2304 utrum
865 2241 981 2302 Cursor
1005 2251 1070 2304 otor

127 2351 169 2393 an
193 2331 281 2394 ullor
306 2330 393 2395 borno
415 2330 478 2393 ait:
502 2327 625 2393 insania
671 2325 779 2401 Verte,
797 2339 829 2388 ut
851 2325 930 2390 idem
953 2323 1070 2390 Caesar

128 2415 167 2480 de
188 2415 241 2480 illo
256 2415 376 2491 dixerit,
394 2413 557 2501 arrogantia
574 2424 649 2476 est·
679 2407 781 2492 Major
802 2408 831 2474 in
854 2409 991 2491 personis
1013 2410 1068 2476 ob·

91 2500 255 2568 asserentia
281 2514 327 2564 est
351 2500 431 2583 apud
452 2498 581 2580 tragicos
605 2495 812 2582 comicosque.
860 2492 965 2561 Manus
989 2494 1069 2564 euim

127 2599 257 2660 uantur,
274 2597 304 2648 et
320 2585 418 2648 varim

172 2669 290 2736 Eadem
306 2687 336 2732 et
355 2689 470 2744 eornm,
488 2667 538 2751 qui
558 2666 710 2730 orationes
730 2664 792 2730 aliis
815 2665 997 2743 scribebant,
1014 2663 1031 2732 i

125 2753 203 2816 ratio
220 2773 228 2830 ;
251 2771 280 2817 et
296 2753 525 2816 declamantium
541 2765 596 2815 est.
644 2750 715 2812 Non
735 2751 813 2813 enim
835 2765 954 2837 semper
969 2766 1000 2820 nt
1015 2753 1069 2820 ad·

125 2839 239 2917 uocati,
257 2840 313 2904 sad
329 2840 501 2938 pleramque
516 2851 547 2901 ut
563 2838 723 2920 litigatores
740 2837 878 2902 dicimus.

93 2957 120 2996 ω
171 2924 289 2989 Verum
304 2939 393 2988 eham
408 2924 437 2986 in
452 2923 497 2990 his
510 2923 622 2998 causis,
633 2923 739 3004 quibua
755 2924 949 2997 advocamur,
961 2922 1069 2990 eedem

126 3008 294 3074 differentia
307 3009 462 3092 diligenter
477 3023 523 3074 est
537 3006 743 3070 custodienda.
781 3003 903 3066 Urimur
918 3004 997 3065 enim
1012 3005 1067 3068 fio·

126 3095 210 3160 done
225 3116 430 3176 panormum,
447 3108 477 3157 et
492 3092 641 3172 relatore
656 3089 753 3152 alieno
768 3085 915 3166 loquimur
932 3105 938 3142 :
964 3085 1068 3149 dandi·

126 3199 188 3328 xre
203 3193 269 3243 eum
285 3180 331 3258 iis,
347 3179 455 3262 quibus
469 3197 577 3240 vocem
593 3171 871 3245 accommodamus,
887 3167 933 3233 sui
952 3189 1065 3236 mores.

161 3264 231 3328 liter
251 3265 329 3331 enirn
352 3264 392 3328 P.
411 3263 550 3337 Clodius,
567 3259 651 3357 aliter
672 3255 792 3339 Appius
814 3252 961 3354 Caecus:
984 3254 1069 3356 aliter

724 3341 949 3494 aalma
982 3340 1069 3501 art

126 3455 313 3596 gamainei?
328 3455 415 3604 citius
429 3519 504 3582 inter
513 3479 583 3598 ipsa
598 3473 758 3578 verberirm
772 3513 918 3597 supplicia
933 3474 992 3577 aaa
1005 3527 1067 3575 voa

126 3606 312 3702 ordiebatur,
329 3603 416 3714 Giair
431 3604 588 3671 Romanor
602 3597 699 3666 nat
736 3599 839 3674 Quam
854 3598 962 3678 dignae
975 3591 1068 3664 Milo-
