2459 4200
317 293 489 350 ,sauneri
506 263 656 348 ananau
671 295 809 343 castra.
995 283 1056 346 155

112 463 271 529 suspensa,
289 467 326 509 ac
350 445 432 509 velut
457 447 593 511 dubitans
617 447 735 512 oratio:
759 463 791 512 ut
816 463 914 514 nmen
942 449 1055 514 delibe-

112 551 190 609 mre,
209 553 271 594 non
295 531 455 610 haesitare,
476 533 640 596 videamur.
687 533 775 613 Hoc,
792 535 863 598 dum
889 536 1057 620 egredimur

112 630 247 700 eportu,
265 616 290 680 si
313 639 367 679 nos
391 617 522 680 nondum
548 619 655 702 aptatis
677 619 749 684 satis
776 621 964 684 armamentis
987 636 1055 706 agat

111 715 242 775 ventus:
266 701 375 766 deinde
395 702 546 786 paullatim
565 703 653 767 simul
672 719 775 769 euntes
794 705 959 789 aptabimus
973 708 1053 784 vela,

90 798 145 848 set
161 785 352 871 disponemus
368 779 520 866 rudentes,
533 803 563 851 et
577 788 693 874 impleri
708 791 788 854 sinus
804 791 983 875 optabimus.
1019 791 1057 855 Id

112 871 227 956 potine,
238 892 324 955 quam
341 893 374 935 se
390 873 466 934 inani
478 874 637 937 verborum
652 876 774 940 torrenti
786 877 870 955 dare,
881 876 965 960 quasi
981 890 1055 940 tem·

113 957 289 1038 pestatibus,
307 978 367 1041 quo
384 958 494 1036 volent,
513 957 716 1024 auferendum.

158 1041 224 1106 Sed
241 1063 299 1104 non
315 1042 429 1105 minore
446 1043 542 1107 studio
555 1046 722 1109 continetur
732 1047 807 1110 haec
819 1045 954 1125 facultas,
966 1068 1054 1132 quam

112 1141 242 1210 petatur.
291 1126 354 1190 Ars
370 1127 449 1190 enim
470 1130 563 1192 semel
583 1145 728 1215 percepta
743 1153 803 1194 non
818 1132 947 1196 labitur:
971 1133 1054 1196 stilus

78 1232 232 1297 aequoque
255 1212 473 1276 intermissione
493 1214 653 1297 paullulum
670 1216 832 1279 admodum
847 1217 886 1279 de
901 1218 1055 1280 celeritate

112 1297 274 1380 deperdit:
299 1313 470 1384 promptum
486 1299 556 1377 hoc,
574 1313 604 1362 et
626 1300 656 1361 in
678 1301 822 1384 expedito
842 1301 984 1383 positum,
1001 1323 1054 1362 ex·

112 1381 288 1445 ercitatione
311 1383 374 1446 sola
397 1383 574 1447 continetur.
624 1383 695 1448 Hac
713 1385 754 1448 uti
775 1385 819 1449 sic
834 1385 980 1469 optimum
995 1399 1051 1463 est,

113 1481 144 1530 nt
170 1467 303 1551 quotidie
326 1469 459 1532 dicamus
486 1470 670 1534 audientibus
696 1470 840 1570 pluribus,
861 1471 992 1534 maxime
1014 1472 1054 1534 de

112 1573 237 1636 quorum
264 1553 355 1616 simus
373 1553 489 1638 jndicio
513 1569 600 1639 atque
623 1556 764 1640 opimone
789 1556 932 1620 solliciti:
954 1579 1053 1621 rarum

77 1659 105 1700 15
113 1651 159 1701 est
174 1639 266 1717 enim,
283 1652 315 1702 ut
330 1639 400 1702 satis
422 1661 455 1702 se
470 1641 595 1724 quisque
610 1657 756 1706 vereatur.
805 1643 866 1706 Vel
882 1643 937 1706 soli
949 1658 1053 1706 tamen

112 1723 246 1788 dicamus
262 1724 372 1808 potina,
390 1745 477 1808 quarn
493 1727 611 1789 omnino
628 1749 686 1790 non
702 1729 846 1791 dicamus.

155 1808 215 1872 Est
237 1809 286 1872 illa
307 1810 483 1873 exercitatio
506 1812 667 1894 cogitandi,
685 1825 822 1895 totasque
844 1811 982 1873 materias
1003 1811 1053 1872 vel

5 1917 8 1936 ¹
110 1894 231 1958 silentio
251 1893 334 1976 (dum
355 1909 454 1958 tamen
469 1896 552 1979 quasi
569 1895 649 1958 dicat
668 1897 743 1959 intra
764 1917 797 1958 se
818 1894 930 1980 ipsum)
949 1916 1051 1981 perse·

111 1978 236 2064 quendi,
254 2000 328 2062 quae
349 1981 429 2043 nullo
446 2002 504 2043 non
521 1995 551 2044 et
566 1994 703 2066 tempore
718 1996 748 2045 et
762 1981 844 2060 loce,
861 1983 977 2067 quando
993 2003 1052 2044 non

77 2064 192 2130 sualiud
216 2064 338 2149 agimus,
357 2067 499 2153 explicari
523 2081 646 2152 potest:
670 2083 701 2133 et
720 2082 767 2133 est
788 2068 817 2131 in
839 2083 924 2154 parte
941 2068 1049 2149 utilior,

111 2170 201 2235 quarn
231 2151 306 2215 haec
336 2152 483 2235 proxima.
530 2153 711 2237 Diligentius
742 2155 820 2217 enim
850 2156 1049 2237 componitur,

110 2257 198 2320 quam
222 2235 280 2315 illa,
298 2238 326 2299 in
345 2258 402 2321 qua
426 2252 601 2301 contextum
616 2239 736 2301 dicendi
758 2239 951 2300 intermittere
966 2258 1051 2299 vere·

110 2342 186 2383 mur.
234 2320 352 2385 Rursus
376 2324 405 2385 in
427 2324 483 2385 alia
505 2323 570 2406 plus
593 2322 675 2405 prior
689 2321 816 2397 confert,
833 2322 919 2385 vocis
933 2320 1051 2382 firmita-

110 2420 184 2485 tem,
202 2407 261 2469 oris
287 2407 471 2484 facilitatem,
489 2422 602 2470 motum
623 2407 780 2491 corporis,
798 2405 848 2488 qui
871 2419 901 2467 ct
926 2404 1003 2487 ipse,
1021 2418 1053 2467 ut

76 2491 185 2570 aadixi,
203 2493 314 2555 excitat
329 2508 489 2570 oratorem,
507 2507 537 2555 et
555 2491 718 2577 jactatione
741 2512 855 2567 manus,
874 2490 959 2574 pedis
982 2512 1050 2573 sup·

110 2576 257 2661 plosione,
274 2579 351 2641 sicut
366 2579 460 2643 cauda
476 2580 579 2642 leones
594 2576 694 2641 facere
709 2577 856 2655 dicuntur,
870 2578 1011 2639 bortatur.

157 2662 344 2727 Studendum
368 2686 441 2727 vero
472 2686 601 2749 semper,
620 2678 650 2747 et
674 2663 792 2748 ubique.
840 2662 948 2748 Neque
973 2663 1050 2725 enim

109 2746 175 2811 fere
197 2761 254 2811 tam
281 2764 329 2812 est
349 2750 424 2813 ullus
448 2750 512 2814 dies
536 2764 714 2836 occupatus,
731 2764 763 2813 ut
783 2749 854 2813 nihil
876 2749 1047 2828 lucrativae,

109 2846 142 2895 ut
157 2831 271 2897 Cicero
287 2836 413 2899 Brutum
429 2834 527 2899 iacere
549 2838 648 2916 tradit,
665 2858 776 2921 operae
791 2838 830 2899 ad
847 2836 1047 2913 scribendum,

76 2932 160 2981 aeaut
174 2916 343 3003 legendum,
360 2936 409 2984 aut
425 2922 585 2986 dicendum
606 2924 666 3006 rapi
687 2923 785 3005 aliquo
807 2936 959 2983 momento
974 2936 1049 2981 tem·

108 3004 190 3088 poris
206 3006 311 3088 possit.
362 3006 517 3087 Siquidem
533 3005 573 3067 C.
588 3005 693 3067 Carbo
709 3006 797 3066 etiam
815 3004 844 3064 in
859 3004 1050 3064 tabernaculo

108 3089 226 3152 solebat
249 3089 305 3149 hae
328 3089 370 3149 uti
392 3089 606 3151 exercitatione
629 3086 758 3149 dicendi.
805 3083 855 3145 Ne
877 3085 908 3144 id
930 3084 1050 3166 quidem
1143 3159 1148 3167 .

107 3171 280 3247 tacendum,
294 3171 374 3253 quod
390 3171 488 3233 eidem
504 3170 647 3236 Ciceroni
664 3169 774 3253 placet,
791 3168 903 3230 nullum
916 3181 1049 3231 nostrum

107 3276 235 3342 usquam
257 3255 453 3340 negligentem
477 3278 544 3321 esse
567 3275 760 3319 sermonem:
783 3252 924 3339 quicquid
946 3254 1049 3340 loque-

75 3365 174 3407 snmur
190 3342 370 3426 ubicunque,
389 3342 425 3405 sit
440 3364 496 3427 pro
517 3365 569 3405 sua
586 3335 704 3405 scilicet
717 3340 855 3425 portione
870 3340 1045 3426 perfeetum.

155 3428 356 3493 Scribendum
383 3443 465 3491 certe
491 3450 640 3513 nunquam
670 3441 717 3490 est
743 3427 846 3512 magis,
865 3449 953 3513 quam
979 3452 1049 3492 cum
1148 3451 1160 3465 ·

37 3561 41 3566 .
108 3514 200 3577 multa
216 3516 350 3579 dicemus
366 3536 405 3577 ex
424 3528 570 3599 tempore.
618 3512 665 3577 Ita
686 3514 763 3577 enim
785 3516 951 3579 servabitur
973 3534 1047 3595 pon·

110 3599 177 3677 dus,
194 3613 224 3664 et
243 3601 375 3665 innatans
395 3600 444 3663 illa
458 3601 619 3665 verborum
634 3598 758 3666 facilitas
774 3601 803 3664 in
818 3601 908 3665 altum
922 3598 1047 3661 reduce·
