2459 4200
356 316 507 363 snnacra
525 317 673 371 sunnin
691 319 827 365 curru.
1009 308 1072 369 alr

136 473 177 536 do
189 469 437 547 distinctionibus,
448 470 645 554 temporibus,
656 470 862 537 affectionibus
873 472 1000 541 moleste
1010 489 1075 541 ute·

134 562 208 621 rbus.
258 554 305 619 Ut
320 555 344 617 si
360 555 397 617 sit
412 555 442 617 in
458 576 550 618 scena
566 555 738 634 dicendum,

268 676 339 732 Quid
351 676 421 742 igitur
433 676 522 726 faciam
534 680 542 725 ?
560 693 608 727 non
620 693 686 736 earn,
698 694 730 727 ne
741 694 806 727 nunc
818 678 931 743 quidem,

269 743 333 792 Corn
346 758 455 795 arcessor
468 744 547 793 nitro?
567 760 598 793 an
610 744 693 809 potius
704 744 737 794 ita
748 761 789 794 me
801 762 953 811 comparem,

111 825 125 863 s
268 810 326 859 Non
339 810 433 875 perpeti
444 810 599 859 meretricum
611 811 791 861 contumelias?

134 908 201 975 Hic
226 909 303 971 enim
319 908 509 972 dubitationis
532 930 645 988 morus,
661 911 747 974 vocis
769 910 877 990 flexus,
894 911 991 977 varias
1014 934 1075 977 ma·

132 1017 199 1072 nus,
213 994 348 1057 diversos
364 1008 449 1057 nutus
465 1010 548 1057 actor
563 995 726 1059 adhibebit.
769 995 862 1061 Aliud
876 998 972 1061 oratio
987 998 1074 1084 sapit,

132 1102 190 1143 nec
207 1080 270 1143 vult
284 1078 407 1142 nimium
428 1102 494 1143 esse
514 1080 644 1145 condita.
692 1080 824 1146 Actione
846 1083 925 1147 enirn
948 1098 1073 1162 constat,

132 1188 193 1228 non
209 1165 383 1227 imitatione.
1002 1167 1006 1176 ‘

99 1278 124 1316 m
177 1248 282 1322 Quare
312 1272 371 1313 non
401 1250 547 1313 immerito
570 1250 796 1334 reprehenditur·
817 1252 1024 1335 pronunciatio
1046 1267 1076 1316 et

133 1337 282 1412 vultuosa,
301 1350 331 1399 et
360 1335 632 1419 gesticulationibus
662 1335 800 1413 molesta,
817 1350 848 1399 et
871 1336 956 1401 vocis
981 1351 1074 1401 muta·

132 1420 262 1485 tionibus
285 1421 439 1484 resultans.
486 1420 553 1484 Nec
584 1420 723 1485 inutiliter
744 1444 784 1485 ex
807 1419 936 1485 Graecis
957 1437 1075 1487 veteres

132 1506 353 1584 transtulerunt,
374 1507 454 1590 quod
480 1509 517 1569 ab
545 1506 579 1570 iis
607 1522 757 1590 sumptum
786 1506 909 1571 Laenas
936 1505 1074 1607 Popilius

133 1592 245 1675 posuit,
264 1614 330 1655 esse
353 1592 431 1655 bunc
454 1592 613 1655 iustiorem
636 1593 793 1656 actionem.
841 1591 965 1679 Optime
989 1594 1075 1679 igitur

99 1678 226 1755 isidem,
243 1678 292 1760 qui
319 1677 429 1755 omnia,
447 1677 559 1741 Cicero
583 1693 789 1763 praeceperat,
813 1702 890 1762 qnae
919 1700 1010 1763 supra
1034 1702 1075 1743 ex

134 1778 252 1825 oratore
268 1763 354 1845 posui
371 1784 378 1823 :
402 1764 507 1846 quibus
529 1764 635 1826 similia
653 1764 682 1824 iu
707 1764 803 1825 Bruto
818 1764 857 1824 de
874 1761 921 1824 M.
938 1762 1074 1825 Antonio

134 1848 219 1911 dicit.
268 1848 331 1912 Sed
352 1847 416 1933 jam
439 1861 561 1931 recepta
584 1862 631 1909 est
652 1846 732 1909 actio
758 1845 857 1929 paullo
879 1845 1027 1943 agitatior,
1044 1860 1075 1909 et

134 1932 272 2016 exigitur,
294 1947 322 1996 et
352 1932 527 2017 quibusdam
557 1930 690 2015 partibus
721 1928 883 1993 convenit:
907 1943 948 1993 rta
975 1943 1075 1994 tamen

134 2020 337 2104 temperanda,
354 2040 404 2097 ne,
422 2019 491 2082 dum
507 2016 615 2081 actoris
632 2031 787 2102 captamus
802 2016 990 2102 elegantiam,
1006 2038 1073 2104 per·

98 2104 237 2170 adamus
255 2106 307 2168 viri
326 2106 396 2168 boni
411 2121 441 2169 et
456 2105 553 2189 gravis
570 2105 787 2168 auctoritatem.
838 2102 916 2184 [XI.
934 2104 984 2182 3.]

446 2451 586 2511 CAPUT
605 2448 755 2508 XXVIII.

223 2635 283 2675 NON
299 2633 388 2674 POSSE
403 2631 570 2673 onerosam
585 2631 655 2670 ESSE
670 2631 731 2670 NlSI
747 2629 856 2669 Bonum
870 2628 984 2670 vtum.

181 2770 243 2836 Srr
260 2792 332 2854 ergo
351 2771 436 2834 nobis
452 2784 563 2845 orator,
581 2753 671 2852 quiem
686 2768 902 2847 constituimus,
919 2768 956 2848 is,
973 2767 1074 2854 quiae

135 2855 183 2920 M.
198 2856 317 2920 (latone
339 2857 447 2934 finitur,
464 2855 509 2918 vir
530 2855 638 2934 bonus,
656 2855 775 2918 dicendi
799 2855 932 2939 peritus3
955 2877 1072 2933 verum,
1132 2884 1146 2894 ·

135 2944 165 3006 id
181 2943 261 3028 quod
277 2957 308 3005 et
322 2943 371 3005 ille
388 2941 485 3026 posuit
501 2942 593 3025 prius,
606 2955 636 3003 et
651 2941 714 3024 ipsa
729 2955 830 3004 natura
846 2941 945 3024 potins
960 2963 997 3004 ac
1013 2961 1073 3004 ma·

130 3028 181 3113 jus
197 3041 253 3103 est,
272 3027 372 3110 utique
389 3027 433 3088 vir
450 3027 556 3089 bonus.
604 3025 642 3087 Id
663 3047 722 3087 uon
740 3047 778 3086 eo
799 3038 923 3102 tantum,
940 3026 1032 3110 quod,
1049 3025 1074 3088 si

101 3112 181 3174 aevis
208 3111 257 3173 illa
280 3111 401 3174 dicendi
426 3110 564 3174 malitiam
591 3109 771 3184 instruxerit,
789 3108 859 3170 nihil
885 3110 921 3172 sit
947 3110 1074 3194 publicis

135 3195 316 3281 privatisque
339 3195 426 3258 rebus
449 3195 643 3280 perniciosius
666 3193 844 3276 eloquentia,
862 3215 977 3277 nosque
1003 3195 1072 3279 ipsi,

135 3281 185 3366 qui
202 3302 257 3364 pro
272 3280 347 3344 virili
363 3295 445 3364 parte
461 3279 597 3344 conferre
612 3279 721 3362 aliquid
737 3279 775 3342 ad
791 3275 960 3342 facultatem
973 3281 1073 3344 dicen·

136 3367 165 3432 di
187 3366 286 3430 conati
307 3387 419 3444 sumne,
436 3366 565 3450 pessime
586 3386 752 3429 mereamur
767 3365 807 3426 de
821 3366 908 3428 rebus
926 3366 1072 3439 humanis,

136 3453 161 3516 si
175 3452 281 3515 latroni
297 3473 503 3537 comparamus
518 3451 593 3514 haec
610 3470 701 3526 arma,
719 3471 777 3512 non
795 3450 890 3514 militi.
937 3451 1020 3520 Quid
1036 3447 1074 3541 de

104 3538 221 3602 anobis
236 3537 367 3621 loquor?
412 3535 531 3600 Rerum
545 3537 609 3620 ipsa
630 3550 733 3599 natura
747 3537 776 3599 iu
791 3557 841 3613 co,
858 3534 938 3619 quod
960 3549 1073 3623 praerat·

136 3645 194 3708 pue
210 3622 366 3686 indulsisse
382 3622 492 3686 homini
509 3620 636 3699 videtur,
653 3621 772 3707 quoqne
786 3643 842 3684 uos
856 3641 873 3680 a
889 3613 997 3678 ceteris
1012 3631 1073 3704 anr-
