2459 4200
349 279 502 326 sessore
519 281 669 334 onnes!
685 283 821 330 orriri.
1009 275 1068 339 111

130 431 219 496 inseri
247 430 367 515 possit:
397 432 453 496 nisi
477 433 558 515 quod
581 433 611 496 in
634 433 780 500 evitandis
801 435 951 522 ejusmodi
971 441 1073 506 verbis

129 539 188 582 nen
203 518 349 580 decorem
370 517 597 602 compositionis
612 519 792 601 quaerimus,
809 523 864 586 sed
883 521 1068 590 faciliorem.

128 601 199 666 Non
214 617 315 666 temen
330 601 471 680 mirabor,
488 602 614 666 Latinos
636 604 730 688 magis
748 606 907 672 indulsisse
920 610 1072 694 composi·

11 733 12 736 ,
129 688 216 766 doni,
234 707 322 771 quern
343 685 479 766 Atticos,
497 686 631 772 quemvis
645 689 749 754 minus
770 691 801 754 in
822 692 922 756 verbis
943 693 1072 769 habeant

11 815 12 818 κ
110 773 281 836 sverietetis
304 785 334 836 et
355 774 477 856 guntiae.
525 771 592 836 Nec
610 773 712 836 vitium
730 775 869 854 dixerim,
885 777 912 840 si
927 775 1074 842 Ciceros

132 857 344 921 Demosthene
365 859 494 942 paullum
514 859 543 921 in
558 859 614 922 heo
631 873 714 942 parte
728 861 866 924 descivit.
916 860 982 928 Sed
996 883 1073 947 quse

130 943 168 1006 sit
181 942 349 1090 dipppenria
359 943 451 1007 nostri
465 943 638 1026 Graecique
651 946 809 1024 sermonis,
820 945 983 1032 expiiosbit
993 969 1072 1011 sum·

129 1049 195 1090 mus
223 1048 231 1088 ι
273 1049 298 1088 r.

178 1111 364 1195 Compositio
384 1112 466 1196 (nem
481 1113 570 1176 finem
589 1113 744 1197 imponere
758 1137 881 1199 egresso
895 1114 1073 1180 destinatum

99 1197 255 1262 romodum
270 1197 411 1261 volumini
434 1197 553 1280 festino)
574 1198 665 1260 debet
684 1221 753 1263 esse
770 1201 905 1278 Ιιοπιοῑα,
915 1200 1072 1284 jucundo,

129 1283 230 1346 verim
276 1281 354 1368 Ejus
385 1298 444 1346 tres
475 1298 586 1367 partes,
609 1283 695 1360 ordo,
712 1284 898 1367 conjunctio,
918 1303 1071 1345 numerus.

132 1367 239 1445 Ratio,
256 1367 285 1430 in
301 1367 482 1452 adjectione,
500 1365 698 1443 detractione,
713 1368 884 1430 mutatione.
927 1367 1004 1432 Usus
1019 1387 1074 1450 pro

129 1466 233 1516 natura
248 1475 359 1532 rerum,
371 1475 443 1538 quas
457 1453 593 1516 dicimus.
645 1451 733 1515 Cura
748 1474 864 1536 magne,
882 1464 914 1516 ut
927 1449 1074 1516 sentiendi

130 1551 220 1620 atque
239 1539 398 1620 eloquendi
422 1537 502 1621 prior
525 1538 572 1602 sir.
620 1535 831 1602 Dissimuletio
851 1558 942 1602 curae
960 1535 1073 1620 praeei-

99 1643 201 1706 rspua,
219 1637 252 1686 ut
274 1624 387 1686 numeri
411 1637 517 1706 sponte
541 1623 676 1701 fluxisse,
691 1645 752 1686 non
771 1622 907 1688 arcessiti
926 1635 958 1687 et
975 1620 1074 1687 coacti

130 1728 200 1772 esse
215 1708 381 1774 videantur.
432 1707 510 1788 [IX.
528 1710 577 1786 4.]

502 1919 713 1932 nnn—.-

464 2065 604 2128 CAPUT
623 2065 742 2127 XVIII.

434 2248 474 2287 DE
490 2248 579 2288 coru
593 2246 775 2287 VERBOBUH.

179 2366 348 2453 Ssffheec
364 2385 523 2470 eloquendi
538 2398 713 2468 praecepto,
730 2382 807 2446 sicut
822 2380 995 2464 cogitationi
1010 2396 1077 2445 sunt

132 2472 317 2549 necessarie,
334 2471 374 2533 ita
389 2493 448 2533 non
470 2471 540 2535 satis
556 2470 593 2533 ed
609 2469 670 2532 vim
685 2467 806 2532 dicendi
820 2466 930 2545 velent,
947 2464 1004 2529 uisi
1019 2465 1075 2531 illis

11 2622 12 2627 ,
133 2557 218 2621 firme
234 2557 381 2641 quaedem
404 2554 540 2632 facilitas,
557 2576 634 2639 quae
656 2555 736 2639 apud
752 2551 892 2617 Graecos
910 2556 968 2621 ser
981 2551 1077 2633 nomi·

11 2642 13 2715 ξ
98 2658 232 2719 sinetur,
250 2641 436 2705 accesserit:
460 2640 601 2723 adquam
617 2639 777 2703 scribendo
792 2639 870 2723 plus,
883 2659 920 2702 un
935 2636 1075 2723 legendo,

11 2726 12 2735 ‘
134 2748 174 2789 au
191 2727 319 2790 dicendo
335 2724 515 2803 conseretur,
533 2725 631 2788 solere
646 2724 748 2809 quaeri
763 2725 839 2787 scio.
886 2724 982 2795 Quod
996 2737 1079 2787 esset

133 2811 267 2895 diligenti
282 2811 368 2875 uobis
384 2810 611 2873 examinandum
629 2832 712 2887 curn,
729 2809 754 2873 si
770 2809 900 2894 quelibet
914 2829 1016 2873 earum
1030 2828 1077 2871 re·

133 2918 199 2959 rum
214 2918 373 2980 possemus
389 2917 445 2959 una
462 2918 528 2959 esse
544 2896 686 2959 contenti.
734 2894 852 2958 Verum
867 2894 908 2957 ite
922 2908 989 2957 sunt
1003 2894 1078 2955 inter

11 3054 13 3069 ι
133 3002 168 3045 se
184 3002 322 3045 connexa
338 2995 368 3044 et
384 2980 544 3044 indiscrete
564 2981 673 3055 omnin,
690 2994 735 3056 nt,
752 2979 777 3041 si
813 2979 919 3039 uidex
932 2978 979 3038 his
994 2974 1077 3070 desu-

11 3080 12 3099 ³
52 3120 55 3127 ⁴
99 3066 202 3143 serit,
214 3064 321 3129 frustra
337 3066 374 3129 sit
389 3066 418 3128 iu
431 3066 538 3129 ceteris
554 3064 729 3127 laboratum.
807 3080 856 3120 em
870 3078 967 3138 neque
982 3056 1079 3117 solide

136 3164 227 3232 etque
242 3152 362 3215 robusta
376 3149 463 3214 suerit
479 3170 607 3232 unquam
623 3142 803 3229 eloquentia,
819 3140 876 3202 nisi
897 3138 990 3201 multo
1010 3138 1078 3202 stilo

135 3234 217 3297 vires
240 3236 415 3320 acceperit:
440 3249 470 3298 et
485 3234 559 3297 cina
577 3228 713 3295 lectionis
732 3224 903 3310 exemplum
917 3223 1002 3289 labor
1017 3224 1077 3305 ille,

135 3340 241 3383 cerens
270 3336 401 3401 rectore,
419 3319 505 3383 fluit:
530 3318 579 3403 qui
602 3330 702 3381 autem
732 3312 844 3391 scierit,
862 3333 921 3395 quo
944 3332 1081 3398 quaeque

134 3404 194 3475 sint
208 3405 301 3469 mode
317 3406 456 3482 dicende,
474 3404 529 3467 nisi
545 3402 688 3467 tamenin
704 3399 872 3485 procinctu,
890 3413 1080 3483 paratamque

103 3490 174 3553 seed
189 3512 294 3554 omnes
311 3514 410 3569 cesus,
423 3488 557 3554 hebuerit
573 3486 783 3571 eloquentiam,
796 3485 877 3549 velut
892 3484 1000 3549 clausis
1015 3482 1079 3542 the·

137 3576 230 3641 souris
246 3576 409 3641 incubabit.
