2459 4200
110 244 117 257 ⁸
152 232 218 317 302
448 266 840 319 tr.rssrrournrrr.rstt1

152 436 183 487 st
197 418 308 496 Julius,
325 438 484 503 quaerens,
501 418 570 503 quis
583 420 619 479 in
634 418 724 479 lintre
740 418 942 501 loqueretur?
963 433 996 483 et
1013 418 1096 485 Sici·

150 507 236 571 nius:
260 526 328 567 nam
344 526 425 581 oum,
439 504 589 569 assidente
605 504 735 587 collega,
748 504 799 586 qui
815 518 878 566 erat
896 518 1015 587 propter
1030 506 1096 569 val·

150 591 302 655 etudinem
317 605 348 653 et
364 590 422 653 deli
443 603 507 656 atus
528 604 559 651 et
581 589 713 672 plurimis
735 587 962 652 medicamentis
977 589 1096 652 delibu-

149 692 209 753 tus,
228 676 351 739 multum
367 698 400 739 se
416 612 510 739 (luno
525 696 564 737 ex
579 694 664 736 more
675 673 832 759 jactasset,
847 675 1034 757 Nunquam,
1051 675 1097 737 in·
1224 739 1225 754 2

150 762 224 847 quit,
243 761 362 837 Octaui,
380 762 510 842 collegae
527 772 577 821 tuo
589 760 726 841 gran
741 757 861 840 reseres,
872 760 926 841 qui
940 761 1003 821 sisi
1011 757 1120 840 suine

150 857 204 924 ret,
221 846 309 909 bodie
324 856 350 908 te
365 847 432 909 istic
448 865 566 907 urucae
583 844 796 906 comedissent„

195 932 353 996 Jaotautur
374 946 404 995 et
426 931 563 993 humeri:
587 931 668 1012 quod
684 929 788 992 vitium
808 928 1036 993 Demosthenes
1051 931 1096 994 ita

151 1016 259 1081 dicitur
279 1017 467 1091 emendasse,
484 1030 528 1091 ut,
545 1036 614 1077 oum
635 1014 664 1075 iu
686 1030 810 1097 angusto
824 1016 956 1097 quodam
977 1016 1096 1099 pulpito

151 1117 232 1167 stans
255 1102 381 1179 diceret,
398 1102 480 1165 hasta
503 1100 628 1163 humero
650 1100 823 1183 dependens
845 1100 1038 1163 immineret:
1061 1116 1097 1165 ut

152 1187 177 1253 si
200 1187 300 1251 calore
321 1186 439 1249 dicendi
464 1186 555 1247 vitare
579 1184 607 1246 id
632 1184 806 1262 excidisset,
824 1185 1023 1249 offensatione
1046 1187 1132 1251 illato

152 1286 404 1337 commoneretur.
444 1270 657 1333 Ambulantem
672 1270 753 1352 loqui
767 1270 808 1331 ita
823 1272 946 1333 demum
959 1286 1094 1354 oportet,

153 1358 177 1421 si
193 1358 223 1419 in
239 1358 337 1422 causis
353 1357 493 1440 publicis,
510 1356 538 1419 in
554 1355 660 1439 quibus
680 1355 763 1422 multi
783 1370 850 1417 sunt
861 1354 994 1437 judices,
1012 1357 1096 1439 quod

153 1442 292 1519 dicimus,
309 1442 392 1525 quasi
419 1441 538 1523 singulis
565 1440 714 1503 inculcare
741 1441 930 1523 peculiariter
951 1442 1090 1503 velimus.

153 1524 230 1587 lllud
250 1548 323 1588 vero
345 1547 404 1587 nou
426 1524 592 1602 ferendum,
608 1525 835 1608 quodquidam,
853 1525 965 1610 rejecta
986 1526 1015 1587 in
1038 1527 1094 1589 hu·

151 1631 266 1673 merum
289 1624 368 1693 toga,
387 1631 456 1672 cum
478 1609 583 1672 dextra
606 1610 702 1673 sinum
724 1632 818 1693 usque
840 1612 879 1673 ad
904 1611 1022 1674 lumbos
1044 1634 1132 1678 re=ss

153 1695 312 1773 duxerunt,
329 1694 444 1759 sinistra
459 1706 574 1777 gestum
593 1692 737 1759 facientes
757 1696 920 1779 spatiantur
935 1710 965 1758 et
978 1694 1094 1759 fabian·

153 1796 199 1845 tur
215 1803 222 1843 :
246 1803 317 1845 cum
332 1781 420 1845 etiam
435 1780 551 1843 laevem
565 1779 742 1863 restringere
757 1782 872 1865 prolata
887 1781 1000 1863 longius
1015 1782 1093 1844 dex·

153 1880 197 1931 tra
212 1868 250 1931 sit
265 1867 414 1931 odiosum.
462 1864 554 1929 Unde
574 1886 711 1943 moneor,
726 1881 760 1929 ut
778 1888 816 1929 ne
831 1866 863 1929 id
877 1866 998 1949 quidem
1013 1881 1095 1929 tran·

153 1972 248 2026 seam,
265 1951 449 2033 ineptissime
476 1951 550 2026 fieri,
568 1972 638 2011 cum
664 1950 741 2013 iuter
766 1972 864 2014 moras
890 1952 1095 2015 laudationum
1147 1983 1153 1995 ·

152 2048 202 2097 aut
217 2034 245 2095 in
261 2054 362 2095 aurem
382 2034 505 2118 alicujus
526 2034 696 2116 loquuntur,
714 2050 764 2098 aut
784 2058 853 2098 cum
873 2036 1024 2099 sodalibus
1042 2035 1130 2121 jo·so

153 2133 268 2196 cantur,
285 2132 335 2181 aut
349 2141 557 2201 nonnunquam
572 2119 608 2181 ad
625 2119 760 2184 librarios
775 2143 845 2184 suos
860 2122 901 2184 ita
915 2122 1090 2205 respiciunt,

153 2217 185 2267 ut
200 2204 362 2288 sportulam
378 2204 490 2267 dictare
511 2205 677 2266 videantur.
710 2205 863 2286 *Inclinari
884 2207 922 2268 ad
941 2206 1091 2290 judicem,

153 2311 223 2352 cum
238 2291 362 2367 doceas,
375 2289 475 2373 utique
491 2289 516 2352 si
531 2289 573 2366 id,
584 2289 624 2351 de
638 2311 698 2372 quo
712 2291 853 2373 loquaris,
870 2291 909 2354 sit
923 2291 1092 2368 obscurius,

152 2374 234 2440 licet.
281 2373 461 2450 Incumbere
477 2375 626 2436 advocato
641 2375 775 2439 adversis
796 2375 943 2438 subselliis
963 2375 1092 2452 sedenti,

152 2461 413 2524 contumeliosum.
461 2457 616 2522 Reclinari
639 2459 786 2523 etiamad
804 2482 887 2535 suos,
905 2475 936 2523 et
952 2461 1131 2524 manibusas

153 2545 301 2620 sustineri,
323 2544 378 2606 nisi
400 2543 487 2624 plane
505 2541 586 2624 justa
608 2540 790 2624 fatigatione,
807 2545 992 2620 delicatum3
1016 2546 1096 2610 sicut

151 2629 250 2707 palam
273 2627 400 2702 moneri,
418 2625 595 2700 excidentis,
613 2641 664 2688 aot
684 2627 795 2708 legere.
842 2629 981 2710 Namque
1000 2631 1030 2692 in
1048 2631 1095 2692 bis

152 2711 288 2772 omnibus
306 2723 335 2769 et
352 2710 394 2770 vis
411 2710 459 2768 illa
475 2708 593 2769 dicendi
609 2710 743 2786 solvitur,
760 2727 790 2773 et
805 2711 937 2792 frigescit
949 2716 1095 2793 affectus,

152 2807 182 2854 et
192 2791 289 2874 judex
301 2811 403 2872 parum
416 2790 471 2852 sibi
484 2791 626 2870 praestari
641 2795 825 2855 reverentiae
836 2796 941 2858 credit.
979 2798 1097 2863 Trans-

151 2875 194 2939 ire
213 2876 243 2938 in
259 2874 376 2938 diversa
394 2873 543 2948 subsellia,
562 2894 665 2955 parum
683 2878 888 2939 verecundum
909 2894 965 2940 est.
1012 2881 1133 2946 Namso

152 2976 183 3026 et
197 2960 321 3026 Cassius
345 2959 478 3024 Severus
500 2960 609 3021 urbane
632 2960 776 3025 adversus
798 2963 857 3024 hnc
879 2961 1039 3028 facientem
1060 2969 1094 3031 li·

147 3071 224 3121 ‚neas
241 3047 390 3132 poposcit.
430 3045 513 3108 Etsi
528 3044 684 3126 aliquando
700 3048 849 3112 concitate
865 3048 1094 3135 nunnunquam

151 3157 211 3196 non
230 3133 334 3216 frigide
356 3132 476 3196 reditur.
525 3129 621 3194 Multa
643 3153 683 3194 ex
705 3132 763 3209 his,
779 3154 855 3216 quae
879 3136 1091 3219 praecipimus,

152 3219 258 3280 mutari
285 3241 410 3282 necesse
434 3232 480 3281 est
502 3218 538 3280 ab
562 3216 607 3293 iis,
627 3217 677 3299 qui
701 3218 803 3280 dicunt
823 3221 903 3302 apud
926 3221 1089 3286 tribunalia.

152 3300 232 3363 Nam
260 3316 289 3362 et
315 3303 411 3364 vultus
438 3303 578 3378 erectior,
596 3315 629 3364 ut
653 3324 733 3380 eum,
753 3304 832 3387 apud
858 3326 949 3387 quem
972 3307 1132 3382 dicitur,as

152 3399 295 3471 spectet;
318 3401 347 3448 et
366 3402 478 3466 gestus,
496 3402 528 3450 ut
550 3387 588 3449 ad
611 3390 740 3452 eundem
764 3390 900 3466 tendens,
917 3391 1020 3454 elatior
1041 3391 1091 3468 sit,

152 3491 279 3538 necesse
295 3483 340 3532 est
356 3489 365 3544 ;
389 3485 419 3531 et
434 3471 501 3546 alia,
514 3493 590 3556 quae
606 3493 779 3549 occurrere,
793 3475 881 3536 etiam
897 3497 946 3537 me
962 3491 1092 3553 tacente,

152 3558 290 3626 omnibus
306 3569 440 3639 possunt.
490 3554 628 3640 Itemque
648 3559 685 3622 ab
702 3559 748 3636 iis,
765 3559 815 3641 qui
833 3560 973 3624 sedentes
994 3575 1092 3644 agent.
