2459 4200
158 281 201 346 ae
446 293 483 338 a.
505 293 599 338 nau
617 289 843 346 eurnrrcrnnr

156 467 251 512 nrm:
282 447 334 512 sed
366 446 456 511 etiam
487 445 536 508 ubi
558 458 731 528 quaternae,
748 463 817 506 curn
842 463 947 506 versut
971 442 1104 508 etrum

158 531 332 616 dpemmimu,
345 548 375 596 et
390 532 593 606 armamentis,
608 544 639 592 et
659 529 783 591 Orione.
830 527 936 598 Quare
950 528 1010 590 hoc
1025 549 1101 612 quo·

156 637 215 702 que
231 619 383 682 vitandum
400 632 457 694 est,
473 639 508 678 ne
525 616 652 700 plurium
663 614 847 697 'syllabarum
861 614 907 677 his
922 613 1023 678 verbis
1037 630 1101 678 uta·

157 723 222 770 mur
238 704 266 766 in
284 705 352 766 fine.

201 788 315 852 Mediis
331 809 449 872 quoquc
465 807 523 848 nou
540 807 575 848 ea
597 787 689 848 modo
704 806 776 847 cura
794 784 845 861 sit,
861 798 893 847 ut
907 783 983 846 inter
998 807 1032 848 sa
1047 805 1127 849 err-a

156 875 308 951 haereant,
327 875 379 938 sed
404 893 441 934 na
464 873 557 954 pigra,
578 893 616 933 ne
638 871 726 952 longa
748 869 827 932 sint:
850 891 901 945 ne,
918 871 1001 953 quod
1021 893 1102 936 nunc

156 961 288 1022 maxime
304 960 405 1022 vitium
425 973 482 1033 est,
501 957 634 1018 brevium
657 969 802 1018 contextu
824 955 978 1033 resultent,
994 976 1031 1020 ac
1049 978 1102 1020 eo·

156 1065 225 1108 num
241 1045 366 1108 reddant
384 1063 479 1126 paene
495 1041 648 1124 puerilium
665 1041 926 1123 crepitaculorum.
973 1040 1052 1104 Nam
1067 1055 1103 1108 ut

156 1128 237 1192 initia
259 1129 468 1210 clausulaeque
491 1126 648 1211 plurimum
680 1126 822 1189 momenti
844 1125 966 1202 habent,
982 1127 1103 1210 quoties

156 1214 260 1297 incipit
282 1237 386 1278 sensus
409 1227 459 1276 aut
481 1212 611 1274 desiuit:
635 1212 680 1274 sic
705 1212 733 1272 in
760 1211 866 1274 mediis
889 1233 1009 1295 quoque
1034 1229 1142 1278 suntne

156 1299 276 1382 quidam
303 1313 441 1375 conatus,
458 1298 509 1382 qui
535 1298 642 1360 leviter
668 1297 828 1371 insistunt;
858 1311 889 1358 ut
919 1299 1103 1362 currentium

156 1405 224 1467 pes,
241 1385 357 1448 etiamsi
381 1406 438 1446 non
460 1397 602 1459 moratur,
620 1398 719 1444 tamen
737 1381 895 1464 vestigium
910 1379 991 1445 lacit.
1038 1383 1104 1448 Ita·

74 1512 80 1521 -
156 1488 215 1552 que
231 1490 289 1531 nnn
305 1471 396 1532 modu
413 1468 544 1530 membra
561 1483 649 1550 atque
664 1467 757 1529 incisa
774 1467 850 1528 bene
865 1466 997 1549 incipere
1011 1481 1105 1551 atque

156 1551 235 1616 cludi
251 1555 352 1630 decet,
369 1554 423 1616 sed
444 1553 532 1615 etiam
556 1553 584 1613 in
608 1553 655 1629 iis,
673 1573 749 1635 quae
771 1573 831 1614 nou
846 1552 937 1614 dubie
959 1568 1104 1618 contexta

156 1651 234 1714 attnt,
252 1659 308 1700 nec
335 1638 530 1719 respiratione
557 1651 687 1711 utuntur,
705 1638 745 1700 illi
767 1638 817 1700 rel
841 1638 954 1701 occulti
978 1641 1141 1721 gradum

156 1719 236 1794 Quis
252 1723 330 1786 enim
346 1723 471 1800 dubitet,
488 1744 577 1784 unum
599 1744 718 1786 sensum
738 1723 768 1784 in
787 1723 846 1786 hoc
862 1738 893 1786 et
908 1745 998 1786 unum
1013 1725 1102 1808 spiri·

155 1821 218 1872 tum
234 1831 314 1887 esse,
327 1808 550 1885 Animadverti,
557 1809 690 1892 judicer,
702 1829 817 1870 emnem
829 1811 1018 1872 accusatoria
1028 1831 1099 1872 eru·

155 1894 265 1958 tionem
279 1896 314 1958 in
329 1896 406 1958 duca
421 1895 549 1956 divinam
568 1915 628 1956 erse
644 1893 776 1975 partes?
799 1909 898 1957 tamen
917 1909 949 1958 et
963 1897 1022 1958 duo
1038 1896 1102 1978 pri·

155 1999 204 2042 ma
219 1980 322 2055 verba,
340 1994 370 2042 et
392 1981 446 2041 tria
470 1979 618 2061 proxima,
636 1995 666 2040 et
687 1980 831 2062 deinceps
850 1981 910 2042 dun
932 2001 1045 2058 rursus,
1061 2001 1102 2046 ac

154 2062 221 2140 tria,
239 2085 309 2127 suos
336 2064 419 2147 quasi
446 2085 585 2126 numeros
610 2065 730 2142 habent,
748 2064 883 2148 spiritum
905 2066 1139 2147 sustinentes,nn

154 2146 234 2235 sieut
261 2150 339 2233 apud
370 2149 553 2233 rhythmicos
583 2151 785 2213 aestimantur.
833 2150 906 2215 Hae
936 2152 1101 2235 particulae

155 2250 242 2318 prout
262 2251 330 2299 sunt
349 2256 468 2319 graves,
486 2256 583 2312 acres,
607 2236 717 2311 lentae,
734 2236 862 2312 celeres,
879 2238 1034 2315 remissae,
1046 2260 1101 2301 ex·

154 2321 295 2385 saltantes
312 2343 320 2398 ;
344 2322 470 2405 proinde
485 2321 527 2398 id,
541 2322 623 2405 quod
639 2344 679 2384 ex
694 2322 751 2385 illis
766 2322 933 2400 conficitur,
947 2338 997 2386 aut
1011 2345 1100 2387 seve-

154 2426 230 2482 rum,
249 2422 299 2471 aut
324 2408 519 2482 luxuriosum,
536 2422 586 2469 aut
600 2409 788 2490 quadratum,
805 2423 856 2470 aut
875 2409 1004 2471 solutum
1029 2409 1097 2471 erit.

196 2491 357 2563 Quaedam
373 2493 462 2553 etiam
474 2492 623 2553 clausulae
638 2506 705 2553 sunt
720 2491 846 2553 claudae
861 2507 950 2575 atque
965 2494 1141 2577 pendan-t»

154 2591 212 2651 tea,
230 2578 254 2637 si
277 2576 501 2656 relinquantur:
525 2576 580 2636 sed
602 2576 794 2656 sequentibus
816 2576 928 2657 suscipi
950 2599 987 2639 ac
1010 2580 1101 2642 susti·

153 2660 215 2721 neri
233 2660 329 2721 solent
345 2678 352 2732 ;
375 2680 472 2741 eoque
489 2657 581 2735 lacto,
595 2659 710 2732 vitium,
722 2660 802 2741 quod
818 2674 883 2722 erat
897 2662 926 2722 iu
941 2662 1012 2740 fine,
1026 2686 1101 2728 eon·

153 2744 275 2807 tinuatio
291 2743 440 2805 emendat.
479 2745 557 2805 Non
567 2746 632 2806 uult
645 2746 777 2826 populna
790 2747 947 2809 &amnne
961 2749 1103 2813 obsoletis

154 2827 333 2891 criminibus
357 2830 498 2891 accusari
531 2830 676 2891 Verrem:
699 2830 817 2908 durum,
834 2832 859 2895 si
876 2833 1019 2897 desinas:
1043 2838 1111 2899 sed'
1228 2887 1229 2902 r

153 2934 222 2977 cum
239 2926 284 2975 est
300 2913 502 2976 continuatum
518 2914 566 2990 iis,
583 2936 660 2997 quae
676 2931 848 2998 sequuntur,
863 2940 1030 3003 quanquam
1045 2940 1139 2985 nam
1229 2998 1230 3001 Ἴ

153 3014 217 3063 tura
234 2999 295 3083 ipsa
311 3000 404 3063 divisa
419 3000 488 3078 sint,
502 3000 596 3063 Noua
608 3002 754 3083 postulat,
765 3003 910 3067 inaudita
924 3006 1075 3067 derideret
1088 3030 1101 3068 .·
1229 3004 1230 3007 ’

153 3085 251 3149 salvus
266 3100 312 3150 est
326 3108 442 3150 cursus.
495 3087 533 3149 Ut
551 3086 655 3163 adeun
672 3097 789 3149 tantum
803 3089 914 3153 duim:
937 3091 1014 3153 male
1032 3091 1100 3154 clu·

154 3173 261 3235 deret:
287 3189 404 3235 namet
424 3173 545 3235 trimetri
561 3194 665 3235 versus
685 3194 752 3256 pars
773 3175 875 3237 ultima
896 3191 952 3239 est.
1000 3176 1099 3239 Exci·

152 3254 208 3337 pit,
233 3256 271 3315 Ut
297 3259 396 3317 cibum
424 3261 618 3341 vestitumque
646 3257 808 3341 introferre
840 3262 940 3338 licent,
956 3272 1100 3325 tamtum:

75 3367 77 3376 ·
152 3358 311 3483 praecepst
327 3342 436 3417 adhuc,
454 3343 584 3405 firmatur
614 3364 650 3405 ae
679 3345 839 3408 sustinetur
861 3347 976 3424 ultimo,
992 3349 1140 3415 Nemeac

151 3440 259 3485 recum
280 3442 321 3483 u.

196 3507 329 3573 Versum
350 3508 379 3569 in
400 3509 533 3573 oratione
552 3511 628 3590 fieri,
645 3514 739 3577 multo
754 3513 958 3591 foedissimum
973 3532 1031 3597 cst,
1050 3533 1097 3581 te·

152 3612 237 3670 wint
261 3594 315 3659 sed
330 3593 420 3657 etiam
438 3594 468 3657 in
485 3610 581 3679 parta,
599 3598 736 3662 deforme
751 3620 759 3659 t
783 3599 885 3683 utique
898 3603 924 3665 si
939 3624 1008 3687 pars
1023 3623 1098 3688 pee-
