2459 4200
173 288 217 355 ab
460 301 496 350 n.
514 303 610 352 rann
629 301 852 358 aururraranr

173 459 304 522 evitant:
327 457 456 556 nihilque
472 457 561 535 aliud,
579 478 666 540 quam
681 478 741 540 quo
760 457 809 520 vel
831 457 930 540 pravis
949 455 1107 541 voluptati·

172 544 227 606 bus
243 563 327 605 aures
343 542 541 606 assistentium
556 543 773 640 permulceant,
789 557 943 624 quaerunt

218 627 392 692 Sententiae
414 648 533 726 quoque
553 645 651 711 ipsae,
675 645 748 710 quas
773 628 851 689 solas
875 641 988 710 petunt,
1013 626 1108 710 magis

172 712 314 790 eminent,
326 733 394 774 cum
411 713 509 774 omnia
526 712 606 775 circa
622 712 685 774 illas
700 712 821 774 sordida
836 725 867 773 et
882 711 1000 795 abjecta
1015 725 1106 773 sunt:

172 810 203 860 ut
229 797 349 874 lumina,
373 815 433 858 nun
461 797 536 859 inter
565 797 690 858 umbras
712 797 963 880 quemadmodum
993 796 1132 858 Ciceros

172 881 256 960 dicit,
273 883 328 945 aed
348 881 464 965 plane
456 904 485 944 tn
503 883 645 958 tenebris,
663 880 788 943 clariora
810 895 887 944 suut.
937 881 1072 963 ltaque
1064 902 1108 942 tn·

171 965 286 1048 geniosi
305 979 465 1044 vocentur,
487 980 519 1028 ut
540 966 624 1042 libet,
642 967 713 1028 dum
733 979 833 1028 tamen
855 978 985 1042 constet,
1003 979 1108 1028 contu-

172 1050 296 1114 meliose
312 1051 355 1114 sic
371 1052 491 1116 laudare
507 1051 661 1124 disertum.

214 1133 413 1200 Nihilominus
436 1136 637 1198 confitendum
658 1146 703 1197 est
717 1134 806 1197 etiam
826 1135 981 1198 detrahere
996 1133 1109 1197 doctri-

171 1241 239 1284 nam
262 1221 383 1305 aliquid,
401 1235 433 1284 ut
454 1222 554 1284 limam
577 1220 710 1296 rudibus,
733 1233 763 1281 et
786 1233 870 1282 cotes
893 1220 1060 1297 hebetibus,
1077 1231 1146 1281 etto

171 1305 241 1368 rino
270 1321 472 1381 vetustatem3
502 1306 556 1368 sed
580 1305 652 1368 vitia
682 1304 830 1367 detrahit:
855 1318 942 1387 atque
972 1325 1009 1368 eo
1039 1305 1109 1368 solo

171 1391 266 1453 minus
283 1407 340 1469 est,
377 1393 437 1453 uod
453 1353 553 1452 literae
571 1390 785 1473 perpolierunt,
802 1409 861 1472 quo
877 1389 991 1450 melius

221 1473 338 1536 Verum
389 1476 397 1536 i
427 1475 671 1558 pronunciatione
701 1495 819 1557 quoque
848 1472 957 1536 sarnam
987 1473 1109 1537 dicendi

170 1555 273 1621 lortius
297 1574 450 1642 quaerunt.
498 1557 577 1620 Nam
598 1572 630 1620 et
652 1560 781 1621 clamant
803 1558 923 1658 ubique,
948 1571 979 1620 et
1008 1560 1110 1622 omnia

171 1643 269 1705 levale
314 1643 392 1726 (ut'
385 1643 442 1727 rpsi
454 1644 587 1742 uocant)
612 1663 718 1722 manu,
741 1644 902 1726 emugiunt,
926 1644 1019 1705 multo
1046 1645 1144 1708 dis-1⁵

170 1749 270 1806 cursu,
286 1727 461 1807 anhelitu,
449 1728 593 1811 Jactione,
612 1743 709 1810 gestu,
726 1741 809 1790 motu
829 1729 945 1811 capitis,
963 1727 1105 1792 furentes.

170 1813 243 1876 Jam
267 1814 409 1877 collidere
434 1834 549 1890 manus,
573 1826 670 1876 terrae
696 1814 805 1896 pedem
832 1813 975 1891 incutere,
998 1812 1105 1892 femur,

169 1911 288 2044 pectus,
313 1897 439 1961 frontem
466 1899 606 1975 caedere,
632 1898 707 1960 mite
731 1899 768 1960 ad
800 1896 939 1980 pullatum
962 1897 1108 1961 circulum

200 1982 262 2044 cit:
291 2003 360 2044 cum
380 1981 429 2044 ille
448 1982 591 2059 eruditus,
608 1996 641 2044 ut
660 1982 690 2043 in
711 1981 844 2043 oratione
863 1983 953 2044 multa
972 1983 1107 2046 summit·

169 2080 245 2144 tere,
258 2067 385 2144 variare,
400 2067 594 2151 disponere,
587 2081 626 2129 tta
637 2066 727 2129 etiam
739 2067 768 2129 in
780 2067 1005 2151 pronunciando
1019 2087 1141 2132 suumao

169 2152 279 2237 cuique
301 2173 416 2228 eorum,
434 2174 526 2249 quae
531 2152 623 2228 dicet,
640 2152 735 2214 colori
754 2153 987 2215 accommodare
1006 2168 1108 2217 actum

169 2238 268 2301 sciat:
300 2251 330 2300 et
354 2237 380 2301 ai
407 2238 476 2321 quid
503 2236 541 2300 sit
565 2252 709 2321 perpetua
737 2238 947 2319 observatione
970 2239 1106 2321 dignum,

169 2324 322 2387 modestus
338 2336 369 2386 et
382 2344 463 2402 esse,
481 2336 510 2385 et
525 2323 620 2386 videri
635 2323 727 2404 malit

213 2407 259 2471 At
274 2409 314 2471 illi
330 2410 406 2472 hanc
420 2412 481 2470 vim
496 2410 655 2491 appellant,
672 2430 748 2490 quae
762 2422 811 2470 est
825 2408 923 2490 potius
937 2410 1104 2471 uiolentia.
1099 2431 1107 2447 ·

169 2514 237 2557 cum
260 2492 378 2553 interim
400 2514 460 2553 non
482 2507 600 2554 actores
627 2492 720 2552 modo
746 2492 891 2572 aliquos
883 2492 1026 2588 invenias,
1050 2496 1141 2557 sedas

173 2574 266 2673 (quod
289 2588 335 2637 est
352 2576 478 2673 turpius)
501 2589 713 2657 praeceptores
733 2575 834 2652 etiam,
852 2575 901 2657 qui
922 2576 1043 2638 brevem
1060 2579 1106 2640 di·

169 2659 257 2723 cendi
273 2659 517 2722 exercitationem
537 2659 704 2736 consecuti,
722 2659 830 2721 omissa
851 2660 976 2758 ratione,
993 2676 1025 2725 ut
1040 2664 1106 2727 tulit

169 2746 308 2828 impetus,
326 2745 437 2829 passim
452 2744 673 2820 tumultuentur,
691 2766 815 2825 eosque,
833 2745 882 2827 qui
901 2746 966 2828 plus
982 2747 1105 2812 honoris
1213 2753 1214 2838 l

168 2828 261 2893 literis
276 2829 476 2906 tribuerunt,'
468 2842 596 2911 ineptos,
615 2844 645 2891 et
656 2828 788 2913 jejunos
807 2845 838 2892 et
856 2831 1000 2913 trepidoS,
1019 2846 1049 2894 et
1060 2833 1105 2894 in·

168 2916 282 2992 firmos,
300 2928 332 2977 ut
346 2915 485 2998 quodque
501 2914 626 2978 verbum
647 2915 980 2979 contumeliosissimum
995 2936 1140 2979 occur-ao

168 3000 216 3080 rit,
234 3000 394 3085 appellent.

212 3086 329 3150 Verum
358 3086 414 3150 illis
436 3085 557 3169 quidem
585 3085 776 3183 gratulemur,
804 3086 868 3148 sine
897 3086 1011 3161 labore,
1039 3084 1104 3149 sine

168 3171 293 3248 ratione,
311 3173 374 3236 sine
398 3172 553 3255 disciplina
575 3171 715 3235 disertis:
738 3191 805 3249 nos,
823 3171 942 3255 quando
963 3183 994 3233 et
994 3190 1104 3269 ‘prae-

168 3254 298 3337 cipiendi
318 3276 422 3318 munus
444 3256 507 3351 jam
526 3257 643 3336 pridem
659 3256 811 3339 deprecati
830 3279 931 3319 sumus
948 3256 1021 3317 etin
1037 3254 1103 3319 soro

168 3358 287 3423 quoque
303 3338 433 3415 dicendi,
451 3339 519 3422 quia
541 3340 780 3405 honestissimum
803 3342 890 3403 finem
915 3340 1139 3420 putabamus,aa
1211 3343 1212 3388 l

168 3424 304 3487 desinere
321 3424 390 3486 dum
407 3424 666 3502 desideraremur3
689 3424 862 3511 inquirendo
885 3424 1104 3523 scribendoque

168 3508 237 3573 talia
253 3508 443 3573 consolemur
458 3509 548 3571 otium
564 3524 709 3584 nostrum,
724 3532 800 3595 quae
815 3508 911 3571 fututa
926 3532 990 3572 usnt
983 3510 1104 3575 bonae

168 3594 274 3657 mentis
293 3593 452 3679 juvenibus
468 3595 652 3674 arbitramur,
667 3596 752 3660 nobis
767 3608 851 3658 cette
866 3608 933 3658 sunt
947 3595 1100 3680 voluptati
1210 3629 1211 3674 J

172 3677 235 3758 [11
256 3682 325 3759 ta]
