2459 4200
349 227 506 314 sennenn
520 267 668 322 nunonis
686 270 823 315 carras.
1008 258 1072 322 129
1101 317 1105 322 ,

123 439 230 505 parem
249 416 352 502 fecere
369 418 509 484 Graecae
528 431 663 505 possunt.
709 419 791 486 Nom
810 421 988 488 Ciceronem
1007 424 1071 488 cni·

121 526 240 589 cunque
256 527 363 570 eorum
377 503 492 568 sortiter
507 508 711 590 opposuerim.
758 507 828 570 Nee
843 508 959 592 ignoro,
976 530 1070 592 quan·

121 604 182 654 tarn
202 590 274 654 milri
295 589 448 654 concitem
468 613 609 675 pugnarn,
628 615 697 656 uum
716 595 892 677 praesertim
912 616 971 657 nou
986 595 1025 658 sit
1038 595 1070 660 id

121 676 281 760 propositi,
300 690 332 739 ut
346 698 416 740 eum
430 676 627 740 Demostheni
644 699 818 762 comparem
833 679 893 742 hoc
909 694 1044 764 ternpore
1061 702 1069 742 ε

99 783 221 844 sueque
238 761 315 824 enirn
331 762 446 840 attinet,
464 785 533 826 curn
549 762 792 828 Demosthenem
807 764 952 848 imprimis
967 766 1068 849 legen·
1125 784 1129 795 ·

122 847 208 924 dum,
227 847 272 910 rel
288 847 483 912 ediscendum
499 848 598 932 potios
615 865 727 933 putem.

167 931 306 1004 Quorum
321 954 380 1016 ego
394 933 517 996 virtutes
533 935 691 1018 plerasque
711 935 837 998 arbitror
855 935 979 1014 similes,
997 957 1070 1000 con·

122 1016 232 1096 silium,
249 1018 385 1081 ordinem
401 1018 564 1096 dividendi,
579 1021 786 1104 praeparandi,
799 1021 944 1105 probandi
959 1021 1069 1086 ration·

122 1123 183 1180 ern,
200 1103 341 1187 denique,
359 1124 434 1186 quae
455 1119 521 1168 sunt
543 1105 731 1170 inventionis.
779 1105 816 1168 In
836 1107 1008 1190 eloquendo
1023 1122 1071 1171 est

88 1188 220 1271 malique
235 1188 391 1252 diversitas
408 1210 415 1250 z
439 1189 559 1252 densior
580 1191 641 1268 ille,
658 1191 707 1254 hic
729 1192 883 1274 copiosior
899 1213 907 1268 3
930 1193 981 1254 ille
996 1214 1069 1255 con·

121 1273 214 1337 cludit
226 1273 387 1351 astrictius,
398 1273 447 1337 hic
459 1275 544 1338 latius
561 1295 570 1351 ;
593 1291 701 1358 pugnat
716 1276 765 1338 ille
781 1277 918 1338 acumine
934 1297 1068 1359 semper,

120 1359 171 1422 hie
186 1357 357 1443 frequenter
372 1374 403 1422 et
417 1361 551 1444 pondere
568 1380 576 1434 3
600 1361 641 1423 illi
656 1361 726 1423 nihil
741 1360 858 1423 detrahi
872 1375 984 1444 potest,
1000 1360 1069 1426 bnic

120 1444 191 1507 nibil
206 1444 296 1529 adjici
312 1465 321 1521 ;
345 1467 434 1509 curae
449 1445 515 1529 plus
531 1446 560 1507 in
577 1445 639 1524 illo,
657 1446 686 1508 in
701 1446 761 1509 hoc
776 1460 908 1510 naturae.

168 1529 289 1595 Solibus
310 1545 404 1606 certe,
424 1545 454 1594 et
476 1531 750 1609 commiseratione,
767 1532 817 1616 qui
833 1532 893 1596 duo
910 1532 1070 1616 plurimum
1163 1557 1171 1568 “

88 1615 248 1680 maffeetus
264 1617 375 1694 valent,
394 1615 548 1680 vincimus.
596 1616 640 1680 Et
654 1617 780 1682 sortasse
795 1618 931 1702 epilogos
947 1619 986 1681 illi
1001 1635 1067 1684 mos

121 1700 248 1766 civitatis
265 1701 417 1766 abstulerit
433 1723 440 1762 :
465 1703 519 1766 sed
535 1717 565 1766 et
579 1704 666 1767 nobis
682 1704 741 1782 illa,
753 1726 830 1787 quae
847 1702 945 1767 Attici
959 1703 1068 1766 miran-

121 1801 180 1864 tur,
195 1787 314 1850 diverse
329 1786 432 1850 Latini
448 1789 593 1851 sermonis
610 1789 684 1851 ratio
699 1789 797 1850 minus
812 1789 989 1871 permiserit.
1031 1786 1069 1849 In

120 1872 258 1955 epistolis
281 1873 412 1956 quidem,
430 1894 599 1956 quanquam
621 1887 694 1937 sunt
710 1873 873 1955 utriusque,
891 1871 1066 1954 dialogisve,

121 1957 230 2041 quibus
246 1957 314 2020 nibil
329 1958 388 2035 ille,
405 1959 484 2021 nullo
500 1958 652 2022 contentio
668 1955 732 2022 est(

87 2064 116 2105 ao
165 2041 347 2121 ,Cedendum
368 2066 441 2108 vero
468 2043 496 2107 in
518 2045 578 2109 hoc
601 2045 736 2129 quidem,
753 2044 834 2130 quod
860 2043 910 2107 ille
932 2057 963 2108 et
981 2043 1068 2191 prior

122 2127 187 2206 suit,
205 2142 235 2191 et
257 2152 296 2192 ex
319 2152 424 2213 magna
468 2146 529 2195 erte
544 2130 742 2209 Ciceronem,
759 2145 883 2215 quantus
906 2145 964 2207 est,
993 2130 1064 2193 ecit.

122 2212 202 2277 Nam
218 2214 289 2277 mihi
304 2215 421 2279 videtur
442 2153 489 2277 lli
507 2214 637 2293 Tullius,
655 2238 724 2277 com
746 2238 780 2277 se
802 2230 898 2277 totum
916 2214 955 2275 ad
970 2214 1066 2275 inrita·

122 2299 235 2363 tionem
254 2299 444 2365 Graecorum
468 2301 654 2376 contulisset,
672 2299 823 2362 effinxisse
846 2298 909 2359 vim
930 2296 1066 2359 Demos·

122 2385 231 2461 thenis,
249 2408 287 2449 co
310 2386 368 2449 iam
390 2386 538 2463 Platonis,
555 2384 773 2469 jucunditatem
796 2381 950 2445 Isocratis.
998 2380 1067 2445 Neo

87 2492 195 2534 severo
217 2408 308 2555 quod
320 2471 349 2534 in
370 2493 488 2555 quoque
511 2471 657 2555 optimum
680 2468 744 2547 soit,
762 2467 862 2533 studio
885 2480 1066 2530 consecutus

122 2570 169 2619 est
184 2570 307 2635 tanturn,
325 2559 378 2620 sed
403 2558 553 2641 plurimas,
570 2557 620 2619 vel
644 2556 742 2641 potius
764 2576 869 2618 omnes
888 2575 928 2616 ex
945 2574 980 2617 se
1000 2550 1067 2637 ipso

121 2640 245 2707 virtutes
269 2643 373 2706 extulit
397 2642 569 2706 immortalis
593 2642 701 2727 ingenii
723 2641 894 2705 beatissima
910 2636 1064 2703 ubertate.

90 2766 95 2785 ,
120 2724 194 2791 Non
209 2728 286 2791 enirn
298 2729 432 2811 pluvius,
450 2742 482 2792 ut
501 2729 540 2791 ait
561 2729 720 2805 Pindarus,
737 2749 832 2812 aquus
847 2726 992 2809 colligit3
1014 2726 1067 2789 sed

119 2812 187 2873 nivo
203 2813 328 2897 gurgite
349 2815 493 2891 exundat,
511 2815 591 2878 dono
607 2815 736 2899 quodam
758 2813 964 2899 providentiae
983 2812 1065 2897 geni·

87 2911 180 2973 sutus,
198 2898 227 2960 in
243 2920 303 2983 quo
319 2914 395 2965 totas
411 2900 490 2964 vires
511 2924 578 2964 snas
594 2900 765 2982 eloquentia
780 2899 976 2982 experiretur.

113 3014 121 3025 ·
163 2982 244 3046 Nam
278 2984 321 3047 uis
335 2985 446 3047 docere
460 2985 639 3067 diligentius,
652 3005 775 3043 movere
791 2981 996 3042 vehementius
1012 3001 1066 3059 po·

119 3081 180 3132 test
196 3068 209 3129 ?
253 3005 315 3129 gui
324 3082 409 3138 tanta
425 3088 555 3149 unquam
570 3066 743 3149 jucunditas
758 3061 870 3125 affuit?
916 3060 989 3141 Ipsa
1005 3060 1065 3136 illa,

119 3174 198 3237 qnae
223 3164 392 3232 extorquet,
411 3151 569 3233 impetrare
594 3170 662 3211 eum
685 3147 804 3221 credas,
822 3158 864 3221 et,
881 3164 951 3205 cum
975 3156 1066 3207 trans·

119 3256 243 3303 versum
258 3233 288 3295 vi
303 3256 357 3297 sna
367 3234 502 3319 judicem
519 3233 604 3309 serat,
622 3249 722 3296 tamen
743 3231 792 3294 ille
811 3252 870 3293 non
885 3229 950 3315 rapi
964 3229 1067 3295 videa·

86 3338 179 3401 astur,
197 3321 252 3385 sed
268 3319 363 3405 sequi.
411 3320 434 3383 J
436 3342 484 3383 arn
500 3321 528 3383 in
544 3319 693 3397 omnibus,
707 3340 784 3403 quae
800 3316 883 3395 dicit,
901 3331 980 3381 tanta
995 3340 1066 3383 auc·

120 3409 223 3471 toritas
234 3407 323 3485 inest,
337 3420 367 3470 ut
379 3407 534 3471 dissentire
548 3406 659 3491 pudeat
673 3427 680 3468 :
702 3427 759 3469 nee
771 3403 911 3469 advocati
922 3404 1065 3483 studium,

120 3494 175 3557 sed
196 3493 278 3557 testis
302 3506 352 3556 aut
369 3493 480 3580 judicis
499 3494 605 3556 afferat
622 3492 738 3568 fidem;
761 3514 831 3557 cum
852 3491 969 3554 interim
989 3490 1066 3552 baec

120 3578 232 3657 omnis,
244 3600 320 3663 quar
335 3582 387 3646 vix
402 3580 515 3664 singula
527 3579 682 3663 qnisquam
698 3578 893 3643 intentissima
908 3595 979 3639 cura
993 3592 1065 3636 cons
