2459 4200
254 357 257 362 Ι
354 296 507 344 scucors
524 297 674 351 annosus
691 302 827 346 carrus.
1018 293 1080 354 149

137 447 291 534 persuasio
318 460 446 532 pamm,
468 450 683 514 numerantium
709 453 810 536 potius
830 454 1079 535 declamationes,

134 555 226 618 quam
256 533 486 597 aestimantium.
536 535 613 613 sed,
631 538 712 621 quod
735 537 797 600 dixi
819 540 928 624 primo,
950 556 983 606 ut
1003 543 1081 608 arbi-

135 633 209 697 tror,
221 619 311 697 libro,
323 640 380 682 nec
396 617 446 682 ille
462 641 496 682 se
511 619 606 684 bonus
622 637 802 707 praeceptor
815 624 929 709 majore
943 648 1080 706 numero,

136 725 225 788 quam
241 704 387 768 sustinere
399 705 505 787 possit,
518 706 652 770 onerabit
666 729 673 769 :
697 721 728 771 et
740 709 859 772 inanem
869 710 1082 794 loquacitatem

115 790 267 867 srecidet,
284 804 315 852 ut
343 788 453 866 omnia,
470 811 548 874 quae
578 806 646 855 sunt
669 792 699 855 in
728 795 946 874 controversia,
962 818 1034 875 non,
1050 813 1083 861 ut

140 874 259 958 quidem
275 875 390 952 volunt,
406 895 483 959 quae
502 876 531 938 in
551 897 650 940 rerum
673 893 788 957 natura,
805 880 965 944 dicantur:
987 897 1018 946 et
1033 883 1083 946 vol

136 959 272 1042 longiore
287 959 386 1044 potius
403 959 517 1024 dierum
537 963 635 1045 spatio
654 962 765 1027 laxabit
781 965 902 1029 dicendi
920 967 1081 1032 necessitu-

136 1057 210 1122 tem,
228 1045 279 1108 vel
302 1044 438 1109 materias
455 1046 588 1110 dividere
611 1049 773 1132 permittet.
821 1049 892 1114 Una
915 1050 994 1116 enim
1016 1051 1082 1116 dili·

136 1145 242 1212 geuter
264 1131 374 1194 effecta
395 1131 461 1215 plus
480 1133 628 1278 proderit,
645 1155 735 1216 quarn
757 1135 857 1218 plures
879 1137 1037 1200 inchoatae
1052 1153 1083 1200 et

104 1215 222 1300 roquasi
248 1215 432 1298 degustatae.
510 1231 611 1301 ropter
633 1219 714 1301 quod
740 1219 864 1296 accidit,
887 1236 919 1284 ut
942 1242 1000 1283 nec
1026 1242 1082 1284 suo

136 1301 210 1364 loco
222 1300 351 1386 quidque
361 1315 487 1390 ponatur
503 1323 510 1364 ε
534 1323 591 1366 nec
608 1303 666 1379 illa,
678 1323 756 1384 quae
767 1303 862 1385 prima
871 1319 949 1380 sunt,
963 1320 1084 1368 servent

139 1405 223 1450 suam
249 1385 371 1470 legem:
397 1386 552 1460 'uvenibus
577 1387 720 1451 flosculos
746 1387 878 1450 omnium
902 1388 1082 1472 partiumiu

137 1491 186 1549 ea,
204 1491 281 1554 quae
299 1485 367 1534 sunt
383 1409 502 1550 (lictori,
519 1472 772 1557 congerentibus:
794 1474 914 1557 queit,
930 1487 963 1537 ut
977 1474 1082 1538 timeu-

136 1569 195 1634 tcs,
212 1577 249 1619 ne
270 1557 423 1640 sequeutia
438 1558 575 1641 perdant,
593 1558 692 1643 priora
707 1557 900 1624 confundant.
951 1557 1010 1641 [Χ.
1029 1561 1077 1638 5.]

464 1914 606 1975 CAPUT
625 1914 748 1973 xxt11.

441 2069 444 2072 ’
469 2097 510 2138 nr
526 2097 743 2140 coornarronc.

104 2260 128 2299 rs
183 2234 350 2299 Pnoxrtts
373 2234 441 2301 stilo
465 2236 608 2318 cogitatio
632 2249 690 2312 est,
706 2255 784 2317 quae
807 2247 839 2296 et
864 2234 930 2315 ipsa
948 2232 1027 2293 vires
1045 2232 1083 2294 ab

133 2315 198 2386 hoc
214 2322 280 2385 acci
302 2322 335 2400 it,
353 2335 445 2385 otest
466 2320 542 2383 inter
560 2317 710 2381 scribendi
730 2318 875 2391 laborem,
894 2327 1082 2397 extempora-

133 2408 257 2491 lemque
272 2344 418 2471 lllrtunam
434 2404 532 2467 media
547 2402 706 2488 quaedam,
720 2414 751 2463 at
764 2398 870 2463 nescio
885 2420 922 2461 ao
936 2419 1009 2459 usus
1024 2396 1081 2461 fre-

134 2492 332 2577 quentissimi.
381 2490 458 2553 Nam
489 2488 622 2553 scribere
652 2508 709 2550 nec
736 2484 858 2567 ubique,
874 2502 932 2545 nec
963 2503 1083 2565 semper

134 2598 320 2662 possumus:
345 2575 516 2660 cogitationi
540 2572 684 2657 temporis
706 2593 742 2634 ao
764 2569 824 2633 loci
846 2567 1005 2653 plurimum
1023 2583 1078 2631 est.

101 2684 126 2723 so
136 2661 229 2727 Haec
245 2663 349 2747 paucis
365 2660 525 2725 admodum
540 2659 622 2721 horis
637 2677 756 2739 magnas
771 2654 859 2717 etiam
875 2674 981 2717 causas
997 2668 1093 2717 coms

134 2747 287 2833 plectitur.
335 2746 442 2824 Haec}
456 2745 572 2831 quoties
588 2742 772 2807 intermissus
791 2755 837 2809 est
857 2761 991 2818 somnus,
1008 2739 1081 2823 ipsis
1148 2755 1151 2759 ·

134 2834 235 2897 noctis
258 2832 387 2897 tenebris
410 2830 574 2916 adjuvatur.
623 2828 714 2892 Haec
738 2826 814 2889 iuter
840 2825 957 2889 medios
983 2846 1082 2888 rerum
1160 2895 1165 2902 f

135 2932 222 2981 acuis
243 2918 353 3001 aliquid
373 2917 484 2981 invenit
498 2915 597 2991 vacui,
615 2934 672 2975 nee
693 2911 787 2974 otium
806 2912 926 3005 patitur.
972 2908 1081 3005 Neque

136 3024 212 3066 vero
227 3024 325 3065 rerum
341 3002 475 3063 ordinem
498 2999 601 3072 modo,
619 2996 698 3075 quod
715 2996 813 3074 ipsum
828 3006 899 3052 sans
914 3005 990 3065 erat,
1006 3005 1081 3085 rnna

100 3109 172 3152 sese
188 3087 252 3169 ipsa
269 3083 411 3165 disponit,
429 3082 484 3143 sed
499 3080 590 3140 verba
611 3077 702 3137 etiam
723 3072 857 3154 copulat,
874 3082 1027 3150 totamque
1042 3086 1080 3167 sta

134 3167 273 3233 contexit
300 3166 477 3239 orationem,
494 3174 526 3223 ut
553 3160 580 3221 ei
604 3158 676 3219 nihil
702 3169 963 3239 praetermodum
990 3153 1078 3216 desrt.

134 3250 218 3317 Nam
247 3248 408 3313 memoriae
437 3266 555 3330 quoque
585 3242 760 3327 plerumque
790 3238 923 3303 inhaeret
951 3238 1078 3320 fidelius,

136 3337 220 3423 quod
235 3334 313 3399 nulla
329 3330 478 3398 scribendi
494 3330 654 3393 securitate
669 3326 794 3391 laxatur.

185 3421 249 3487 Sed
265 3442 303 3484 ne
324 3420 360 3482 ad
385 3418 461 3481 hanc
477 3416 596 3498 quidem
613 3413 673 3476 vim
693 3410 843 3497 cogitandi
862 3413 1010 3495 perveniri
1026 3434 1080 3496 po·

105 3521 196 3575 otest
212 3521 262 3573 aut
277 3506 388 3585 subito,
405 3517 455 3567 aut
470 3502 541 3565 cito.
589 3498 666 3562 Nam
686 3498 812 3583 primum
827 3495 965 3561 facienda
987 3497 1080 3557 multo

139 3593 206 3657 stilo
218 3592 313 3657 forma
328 3605 385 3669 est,
397 3610 473 3673 quae
488 3586 647 3661 nosetiam
659 3585 823 3669 cogitantes
838 3595 978 3665 sequatur
993 3601 1001 3639 z
1017 3592 1079 3639 tum

411 3677 471 3736 13*
