2459 4200
149 257 212 318 11⁰
433 265 470 310 rr.
491 263 586 309 rnen
604 261 828 314 curreremus

166 441 235 485 uem
255 415 503 482 modulationibus
522 413 644 476 adhibet
663 411 776 474 musice
791 410 866 474 mtio
881 429 1081 472 numeromm.

146 441 257 576 butu?
280 523 339 566 non
353 523 414 565 vox
431 514 461 564 et
479 512 578 583 gestus
598 498 845 562 accommodetur
866 508 985 558 naturae
1003 493 1083 576 ipsa·

145 609 221 666 rum,
237 587 398 672 dequibus
413 585 551 660 dicimus,
564 603 662 646 rerum
679 581 690 642 ἓ
735 581 809 652 Quo
824 580 919 642 minus
933 579 963 640 id
977 577 1085 640 mirum

145 672 174 736 in
189 673 316 756 pedihus
331 671 484 748 orationis,
496 691 565 732 cum
577 669 706 731 debeant
720 665 856 729 sublimia
870 663 994 747 ingredi,
1007 662 1086 724 lenia

146 756 228 836 duci,
241 758 320 821 ucrin
335 777 465 832 comere,
480 753 606 818 delicata
623 753 725 816 fluere.
772 749 879 834 Itaque
895 749 945 812 ubi
959 763 1111 810 necesse-'1

146 854 204 919 est,
217 841 392 906 effectaruus
407 841 496 904 etiam
511 853 671 914 tumorem,
684 836 735 918 qui
749 835 892 918 spondeis
906 848 997 916 atque
1012 828 1084 894 iam·

146 924 192 990 his
206 927 336 990 maxime
351 925 528 1002 continetur,

296 1028 333 1076 En
345 1027 440 1092 impero
454 1026 536 1091 Argis,
548 1031 645 1088 sceptra
656 1023 716 1071 mihi
728 1021 798 1085 liquit
809 1021 908 1084 Pelops.

148 1125 194 1190 At
215 1125 263 1190 ille
286 1126 421 1190 comicus
444 1146 538 1206 neque
562 1122 706 1199 senarius,
723 1142 812 1204 quem
829 1119 1015 1181 trochaicum
1034 1139 1087 1180 vo·

148 1225 229 1289 cant,
247 1211 377 1296 pluribus
408 1209 538 1285 choreis,
556 1208 604 1290 qui
631 1205 765 1269 trochaei
789 1205 827 1266 ah
850 1203 913 1266 aliis
936 1203 1129 1280 dicuntur,1e

148 1295 385 1380 pyrrhichiisque
404 1293 557 1358 decurrit:
582 1292 637 1354 sed
656 1297 797 1374 quantum
819 1288 931 1372 accipit
952 1287 1087 1351 celerite-

148 1379 198 1457 tis,
215 1393 328 1444 tnntum
343 1378 494 1463 gravitatis
510 1377 626 1455 emittit,

297 1481 367 1536 Quid
379 1481 450 1546 igitur
462 1480 570 1528 sociem?
594 1492 644 1527 non
656 1493 721 1534 eum,
734 1493 765 1525 ne
778 1492 844 1525 nunc
855 1476 975 1540 quidem?

150 1581 270 1664 Aspera
281 1601 354 1644 vero
369 1593 399 1644 et
415 1579 573 1656 maledice,
585 1593 615 1641 ut
628 1578 702 1656 dixi,
714 1577 804 1640 etiem
816 1578 846 1640 in
858 1578 1001 1657 carmine,
1014 1570 1087 1641 iam·

148 1666 194 1731 his
210 1679 388 1750 grassentur,
628 1725 631 1728 ,
1099 1677 1128 1716 rs
1223 1712 1226 1719 ,

299 1767 365 1824 Quis
377 1769 424 1818 hoe
436 1775 516 1832 potest
528 1767 623 1825 videre,
635 1765 691 1830 quis
702 1744 783 1830 potest
794 1765 855 1831 poti,
927 1824 930 1828 Α

298 1835 354 1886 Nisi
365 1834 514 1900 impudicus,
527 1843 552 1884 et
562 1849 649 1891 vorax,
661 1841 686 1882 et
697 1833 769 1882 oleo?

193 1937 230 2001 In
246 1940 416 2002 universum
431 1952 542 2014 autem,
559 1938 583 2000 si
603 1938 641 2000 sit
658 1959 796 2013 necesse,
814 1937 918 1998 durem
932 1935 1031 2020 potius
1045 1951 1089 1999 st·

150 2043 208 2108 que
224 2043 360 2109 uspemm
379 2021 631 2105 compositionem
652 2021 752 2090 malim
773 2043 854 2098 esse,
871 2043 960 2105 quum
974 2021 1089 2084 effemi-

149 2121 248 2171 natum
262 2122 294 2171 et
308 2128 459 2185 enervem,
476 2106 570 2190 qualis
584 2107 663 2190 apud
678 2107 787 2169 multos
804 2128 812 2168 ε
835 2121 866 2169 et
879 2108 1013 2192 qnotidie
1028 2128 1089 2170 me·
1098 2128 1130 2168 so
1225 2078 1226 2093 ³

150 2193 194 2277 gis
217 2192 388 2259 lascivimus
412 2205 604 2277 syntonorum
632 2192 728 2255 modis
754 2192 926 2255 saltitantes.
974 2191 1027 2256 Ac
1051 2215 1091 2256 ne
1115 2247 1117 2250 .

150 2292 210 2343 tam
224 2280 304 2343 bone
318 2278 438 2364 quidem
459 2278 517 2341 olla
537 2278 603 2356 erit,
622 2292 656 2341 ut
672 2278 780 2342 debeat
802 2300 871 2341 esse
893 2278 1043 2355 continua,
1061 2292 1092 2341 et

59 2400 62 2405 f
151 2363 321 2431 ineosdem
342 2386 462 2511 semper
483 2365 579 2449 pedes
597 2364 651 2427 ire.
697 2363 777 2426 Nam
792 2377 823 2426 et
837 2363 1024 2427 versificandi
1039 2385 1091 2447 ge·
1130 2404 1135 2412 x

151 2472 205 2514 nus
221 2465 278 2528 est,
295 2470 383 2513 unam
417 2470 503 2530 egem
526 2449 662 2510 omnibus
685 2448 871 2511 sermonibus
890 2450 984 2512 dere:
1008 2463 1039 2511 et
1060 2448 1091 2511 id

151 2554 220 2596 cum
235 2531 389 2596 manifeste
404 2532 555 2593 affectatio
572 2545 618 2593 est
636 2530 736 2614 (cujus
751 2532 793 2595 rei
808 2534 940 2597 maxime
955 2534 1130 2601 cavendnm
1222 2554 1225 2563 '

150 2617 283 2699 suspicio
298 2616 357 2697 est)
377 2628 439 2676 tum
454 2614 543 2676 etiam
558 2614 689 2676 taedium
704 2637 744 2677 ex
762 2616 951 2681 similitudine
966 2641 1003 2683 uc
1019 2619 1089 2683 snti-

150 2712 261 2763 otstem
276 2712 357 2761 creat
374 2718 381 2757 ι
404 2718 523 2781 quoque
539 2712 583 2759 est
599 2698 727 2777 dulcius,
738 2701 830 2783 magis
847 2703 946 2785 perit:
969 2705 1090 2769 amittit·

150 2804 208 2866 que
230 2796 261 2845 et
277 2782 379 2857 fidem,
397 2794 428 2844 et
450 2782 588 2859 affectuS,
606 2796 763 2866 motusque
785 2806 902 2863 omnes,
919 2789 970 2869 qni
992 2804 1039 2853 est
1061 2780 1099 2854 in*

149 2866 206 2931 hec
222 2888 294 2930 cure
306 2864 507 2949 deprehensus
524 2888 532 2926 ε
555 2888 611 2928 nec
629 2880 728 2949 potest
743 2868 771 2930 ei
786 2870 924 2947 credere,
935 2885 986 2933 aut
999 2894 1093 2958 prop·
1119 2898 1122 2906 ¹

149 2966 195 3015 ter
219 2974 287 3017 eum
306 2952 409 3015 dolere
432 2965 462 3014 et
480 2950 567 3015 irnsci
587 2951 695 3037 judex,
713 2952 761 3015 cui
784 2967 868 3035 putat
888 2955 948 3018 hoc
968 2978 1131 3029 vacarem

151 3036 287 3124 Ideoque
310 3037 427 3101 interim
449 3036 592 3121 quaedam
616 3037 700 3121 quusi
723 3038 865 3103 solvenda
888 3040 926 3103 de
949 3041 1093 3110 industris

150 3140 228 3203 sunt,
245 3124 294 3189 illu
310 3124 430 3208 quidem
453 3122 575 3187 maximi
594 3122 704 3186 laboris
721 3146 759 3187 ne
774 3124 908 3189 laborata
921 3126 1089 3195 uideantur.

193 3208 257 3272 Sed
269 3230 366 3292 neque
377 3210 569 3291 longioribus,
581 3230 669 3292 quam
681 3224 812 3293 oportet,
822 3211 995 3297 hyperbatis
1007 3236 1090 3279 com-

151 3291 291 3373 positioni
312 3293 475 3355 servinmus
494 3292 557 3375 (ne,
575 3314 652 3376 quae
673 3293 737 3379 ejus
752 3296 796 3358 rei
809 3298 902 3379 gratia
916 3296 1088 3379 fecerimus,

150 3388 274 3459 propter
296 3396 363 3437 eam
381 3374 492 3437 secisse
511 3377 676 3462 videremur)
697 3394 727 3443 et
749 3395 832 3443 certe
857 3382 968 3447 nullum
990 3400 1128 3469 aptumss

151 3472 239 3545 atque
272 3459 412 3522 idoneum
442 3462 565 3523 verbum
598 3478 800 3546 permutemus
829 3468 921 3549 gretia
950 3470 1087 3541 lenitatis.

152 3541 259 3633 Neque
274 3544 353 3645 enim
368 3543 457 3608 ullum
471 3546 526 3609 erit
541 3560 601 3609 tam
614 3548 746 3626 difficile,
759 3551 840 3633 quod
854 3574 914 3615 non
929 3559 1091 3623 commode

1216 3268 1225 3408 j

1220 3413 1225 3516 l

1217 3593 1226 3752 l
