2459 4200
367 296 519 341 sursera
537 296 686 351 euentu
703 298 840 344 carrus.
1028 288 1090 349 183

146 448 288 513 malerei
304 447 453 509 imbecilla
473 462 504 509 et
524 448 637 511 inhibet
658 450 759 527 multa,
777 466 807 513 ut
822 450 975 535 insurgere
990 469 1020 517 et
1036 477 1089 519 ex·

109 574 117 580 ι
141 534 302 619 plumare;
326 545 356 593 et
377 531 473 616 aliqua
489 532 580 615 cogit,
600 547 632 595 ut
651 534 844 598 intermittere
865 551 896 599 et
911 539 1088 618 deflectere,

144 634 174 683 et
196 640 279 683 rasas
300 616 402 680 fauces
425 638 462 680 au
484 617 559 681 latus
578 616 729 702 fatigatum
746 618 871 683 deformi
887 625 1006 688 cantico
1021 626 1088 689 refi-

144 726 228 768 cere.
279 702 344 767 Sed
365 723 420 765 uos
436 703 475 765 de
496 724 534 765 eo
555 726 633 767 nunc
653 705 820 789 loquamur,
838 707 887 770 cui
907 730 966 771 non
983 708 1089 775 lrustra

122 789 336 874 spraecipitur.

190 873 270 938 Cum
292 873 331 936 sit
352 886 453 935 autem
476 874 572 937 omnis
595 875 687 952 actio,
705 890 736 939 ut
759 876 833 953 dixi,
850 876 880 939 in
898 878 972 942 duas
994 880 1090 943 divisa

142 975 257 1044 partes,
280 974 380 1021 uocem
404 969 589 1044 gestumque,
608 983 734 1044 quorum
760 963 835 1025 alter
857 964 974 1043 oculos,
996 964 1089 1029 alteru

143 1066 229 1109 aures
254 1059 367 1122 movet,
384 1066 438 1127 per
457 1066 532 1129 quos
554 1047 630 1110 duos
652 1069 757 1110 sensus
780 1048 875 1113 omnis
898 1050 936 1113 ad
959 1050 1088 1113 animum

143 1144 282 1215 penetrat
305 1130 442 1207 affectus,
461 1130 541 1212 prius
565 1147 610 1195 est
633 1132 669 1193 de
696 1153 766 1195 acce
789 1134 902 1212 dicere,
924 1136 972 1197 cui
999 1136 1087 1199 etiam

109 1227 244 1300 regestus
260 1215 516 1279 accommodatur.

188 1301 225 1363 In
240 1323 277 1364 eu
292 1300 387 1385 prima
402 1300 572 1363 observatio
585 1314 643 1379 est,
656 1302 774 1384 qualem
786 1302 919 1364 labeas:
942 1305 1086 1381 secunda,

145 1386 289 1471 quomodo
306 1386 413 1448 utaris
474 1386 478 1393 “

186 1472 299 1535 Natura
312 1471 396 1534 vocis
409 1483 559 1555 spectatur
572 1473 737 1554 quantitate
750 1488 780 1534 et
792 1474 948 1556 qualitate.
981 1475 1087 1551 Quaa-

143 1558 214 1621 titas
227 1556 391 1641 simplicior
404 1578 412 1617 :
436 1556 465 1617 in
477 1578 590 1619 summa
603 1558 682 1619 enirn
690 1559 822 1640 grandir
833 1574 883 1623 aut
895 1559 1006 1644 caigua
1018 1576 1064 1625 est
1078 1582 1086 1621 ε

109 1644 199 1707 tssed
221 1643 297 1705 inter
319 1643 370 1705 has
393 1642 596 1705 extremitates
619 1644 736 1707 inediae
759 1660 826 1709 sunt
849 1646 981 1730 species,
999 1662 1029 1710 et
1049 1648 1087 1709 ab

143 1729 203 1792 ima
218 1729 256 1791 ad
272 1748 416 1791 summam
432 1750 468 1791 ec
484 1742 564 1791 retro
585 1729 667 1790 multi
689 1744 755 1791 sunt
770 1732 889 1811 gratim.
944 1732 1088 1805 Qualiter

143 1814 237 1897 magis
252 1813 332 1876 varia
347 1826 402 1877 est.
443 1811 522 1875 Nam
538 1827 584 1875 est
599 1828 630 1875 et
646 1814 780 1874 candidu
795 1829 825 1875 et
832 1811 939 1893 succa,
952 1829 982 1874 et
993 1815 1087 1893 plcua

144 1913 176 1961 et
191 1899 288 1975 callis,
301 1913 331 1962 et
347 1898 420 1961 lacis
435 1911 467 1960 et
480 1917 599 1979 aspera,
614 1911 645 1960 et
660 1906 814 1959 contracta
829 1910 860 1959 et
865 1895 955 1979 susa,
966 1912 997 1959 et
1007 1898 1087 1959 dura

145 1982 343 2065 etflcuilrilis‚
356 1998 385 2047 et
402 1984 488 2045 clara
504 1996 534 2045 et
549 1981 664 2044 obtusa.
709 1982 844 2065 Spiritus
858 1982 949 2046 etiam
965 1984 1088 2067 longior

108 2068 329 2155 mbrcuiorquc.
376 2066 444 2133 Nec
469 2090 586 2147 causas,
605 2091 659 2132 cur
675 2068 806 2155 quidque
829 2091 932 2134 eorum
954 2070 1085 2148 accidat,

143 2156 295 2241 persequi,
307 2156 463 2241 proposito
478 2155 564 2239 operi
578 2155 781 2218 necessarium
797 2170 843 2218 est
859 2177 867 2216 ε
891 2177 1033 2218 eorumne
1049 2156 1087 2218 sit

145 2241 322 2320 differentia,
340 2241 369 2303 in
384 2240 575 2324 quibusaura
591 2239 640 2299 illa
655 2238 833 2320 concipitur,
851 2259 1019 2312 aneorum,
1032 2260 1087 2319 per

145 2347 222 2411 quae
249 2327 330 2389 velut
357 2345 466 2407 organa
496 2334 600 2396 meat3
624 2342 662 2382 an
690 2321 748 2402 ipsi
774 2320 895 2402 propria
919 2334 1032 2397 natura,
1050 2343 1088 2384 an

144 2426 233 2496 prout
262 2424 424 2484 movetur;
446 2406 546 2469 lateris
573 2403 744 2489 pectorisve
765 2403 901 2481 firmitas,
918 2426 956 2466 an
980 2405 1086 2488 capitis

107 2497 236 2560 suetiam
256 2497 322 2580 pius
342 2492 473 2577 adjuvet.
521 2490 599 2553 Nam
616 2512 691 2574 opus
707 2503 755 2552 est
769 2488 917 2567 omnibus,
934 2489 1013 2553 sicut
1027 2511 1086 2553 nou

145 2582 205 2644 oris
221 2582 313 2644 modo
329 2578 484 2654 suavitate,
498 2576 553 2640 sed
567 2576 678 2638 narium
694 2597 824 2660 quoque,
836 2597 892 2660 per
906 2597 991 2661 quas,
1006 2575 1087 2660 quod

144 2678 283 2748 superest
297 2663 393 2740 vocis,
405 2663 540 2745 egeritur.
588 2661 699 2725 Dulcis
715 2684 782 2726 esse
797 2674 895 2725 tamen
911 2662 1013 2741 debet,
1028 2683 1086 2725 uon

145 2749 330 2832 exprobrans
347 2770 447 2812 sonus.

196 2833 304 2896 [leudi
321 2857 397 2898 voce
414 2835 568 2920 multiplex
584 2835 670 2899 ratio.
710 2834 789 2898 Nam
805 2851 924 2918 praeter
939 2835 1019 2897 illam
1032 2832 1085 2896 dis·

107 2918 312 3000 inferentiam,
330 2943 406 3006 quae
436 2936 482 2986 est
511 2921 668 3004 tripertita,
686 2930 804 2995 acutae,
823 2922 942 3000 grauis,
959 2918 1086 2998 flexae:

145 3008 358 3086 tumiutcutis‚
375 3021 437 3068 turn
455 3006 597 3078 tauriscis,
614 3019 676 3064 turn
695 3002 794 3074 elutis,
812 3014 875 3061 turn
890 2999 1088 3078 inferioribus

144 3091 289 3165 modian
313 3109 346 3151 us
370 3102 427 3163 est,
445 3088 552 3169 spatiis
566 3106 685 3167 quoque
702 3081 878 3144 lentioribus
898 3097 948 3142 aut
968 3081 1086 3142 citiutc·

144 3173 241 3236 ribus.
291 3111 356 3236 gud
380 3171 424 3234 his
448 3171 518 3254 ipsis
541 3169 638 3230 media
662 3164 838 3249 interjacent
860 3165 974 3228 multa:
998 3178 1039 3242 et,
1056 3182 1089 3230 ut

144 3257 251 3336 facies,
268 3277 435 3341 quanquam
458 3277 498 3318 ex
520 3251 707 3340 paucissimis
728 3264 857 3331 constat,
875 3251 1016 3315 infinitam
1036 3253 1088 3318 ha·

110 3345 198 3410 uber
221 3342 441 3406 differentiam:
465 3340 505 3404 ita
531 3361 604 3416 vox,
623 3337 679 3400 etsi
702 3357 825 3421 paucas,
843 3360 920 3423 quae
942 3340 1088 3403 nominari

168 3429 273 3508 ossint,
291 3427 424 3491 continet
453 3424 584 3510 species,
601 3423 721 3508 propria
749 3422 857 3508 cuique
882 3441 950 3490 est:
974 3441 1005 3488 et
1027 3447 1088 3489 nou

130 3453 222 3592 ,daec
238 3515 334 3578 minus
350 3513 480 3590 auribuS,
498 3532 585 3597 quam
602 3509 696 3574 oculis
712 3509 760 3573 illa
775 3509 967 3595 dignoscitur.

192 3598 349 3686 Augentur
379 3613 477 3664 antem
508 3597 585 3662 sicut
614 3596 758 3677 omniurn,
787 3598 827 3660 ita
855 3595 941 3660 vocis
968 3612 1086 3676 quoque
