2459 4200
343 288 497 335 eernere
513 287 663 342 currunt
680 289 815 336 cartre.
1025 275 1065 338 tt

494 633 634 694 CAPUT
653 635 692 696 V.

160 807 266 855 QUAM
280 805 446 848 rttrtttumrr
462 805 697 850 INGEMOHOUO
710 808 1024 854 mecaenatem.

163 950 197 1014 N
200 971 221 1014 u
244 952 305 1014 hoc
328 950 450 1035 quidem
471 953 654 1036 negaverim,
677 954 763 1038 aequi
785 955 959 1042 plerumque
983 957 1062 1024 inno

116 1037 310 1120 opinionem,
323 1050 355 1098 ut
370 1035 474 1100 fortius
490 1039 592 1102 dicere
605 1039 762 1104 videantur
775 1041 888 1106 indocti
902 1062 910 1106 t
931 1043 1063 1141 primum

117 1121 196 1184 vitio
220 1122 306 1204 male
315 1120 525 1207 judicantium,
540 1123 590 1206 qui
612 1124 757 1209 majorem
779 1125 891 1190 habere
909 1150 971 1191 vrm
993 1150 1061 1192 cre·

120 1206 200 1268 dunt
223 1227 271 1284 ea,
288 1227 362 1290 quae
382 1227 441 1269 non
461 1207 571 1270 habeut
592 1225 710 1272 artem:
732 1225 765 1273 ut
787 1211 956 1294 effringere,
972 1233 1063 1294 quant

11 1295 12 1298 ’
97 1292 268 1374 reperire3
295 1311 442 1374 rumpere,
467 1313 556 1374 quam
582 1293 722 1368 solvere;
744 1295 874 1370 trahere,
898 1315 987 1377 quem
1009 1295 1062 1357 du·

118 1397 207 1454 cere,
224 1389 328 1460 putant
342 1376 502 1440 robustius.
538 1375 616 1439 Nam
633 1392 664 1440 et
677 1376 832 1460 gladiator,
848 1378 898 1462 qui
914 1398 1062 1442 armorum

11 1477 12 1484 ¹
118 1461 234 1524 inscius
256 1462 285 1523 in
306 1482 432 1545 pugnarn
450 1462 507 1524 ruit
522 1481 530 1536 3
554 1475 585 1525 et
599 1462 737 1539 luctator,
755 1463 805 1546 qui
820 1463 909 1526 totius
925 1463 1061 1548 corporis

118 1546 185 1609 nisu
205 1547 235 1608 in
256 1547 298 1624 id,
316 1547 398 1630 quod
418 1547 512 1610 semel
527 1547 645 1624 invasit,
662 1547 816 1626 incumbit,
833 1545 937 1614 sortior
954 1549 992 1614 ab
1012 1549 1060 1614 hir

118 1645 247 1694 vocatur
262 1653 269 1692 :
294 1653 363 1694 eum
379 1631 494 1694 interint
511 1647 540 1694 et
555 1632 603 1696 hic
620 1632 789 1716 frequenter
803 1633 863 1696 suis
877 1633 980 1698 viribis
995 1635 1061 1718 ipse

87 1717 329 1801 reprosternitur,
347 1731 378 1778 et
399 1716 491 1795 illurn,
508 1718 695 1781 vehementis
717 1719 858 1802 impetus,
874 1719 990 1803 excipit
1007 1719 1059 1784 ed·

118 1802 246 1866 versarii
261 1801 359 1864 mollis
374 1801 523 1865 articulus.

168 1886 234 1950 Sed
250 1901 317 1950 sunt
332 1886 361 1947 iu
375 1887 432 1949 hac
448 1901 544 1970 parte,
557 1908 634 1969 quae
650 1886 804 1970 imperitos
819 1885 909 1949 etiam
923 1885 1061 1949 naturali·

121 1985 167 2036 ter
189 1970 311 2034 fallant:
335 1993 403 2034 natu
433 1985 463 2035 et
484 1972 605 2045 divisio,
623 1993 692 2035 curn
722 1972 880 2056 plurimum
903 1971 1002 2035 valeat
1030 1971 1061 2034 iu

122 2057 233 2135 causis,
252 2057 387 2141 speciem
403 2056 508 2121 virium
522 2058 648 2122 minuit:
672 2072 702 2121 et
719 2057 802 2122 rudia
816 2057 916 2142 politis
931 2057 1057 2144 majora,

91 2164 115 2203 1⁵
122 2157 153 2207 et
167 2164 271 2227 sparsa
287 2143 460 2227 cumpositis
475 2144 691 2221 numerosiora,
706 2145 875 2207 creduntur.

165 2227 226 2292 Est
240 2242 394 2311 praeterea
409 2228 556 2310 quaedam
571 2229 711 2291 virtutum
725 2228 922 2310 vitiorumque
936 2226 1058 2303 vicinia,

125 2334 183 2396 qua
197 2312 361 2376 maledicae
381 2334 436 2397 pro
453 2313 559 2388 libero,
576 2312 754 2373 temerarior
772 2333 828 2393 pro
841 2310 934 2390 forti,
950 2309 1061 2391 efferor

125 2418 181 2480 pro
191 2398 306 2480 copioec
318 2397 474 2482 accipitur.
520 2394 678 2458 Maledicit
689 2407 787 2456 autem
800 2392 961 2456 ineruditus
973 2413 1060 2476 aper·

125 2482 180 2545 tius
202 2498 232 2545 et
252 2484 394 2567 saepius;
416 2482 466 2545 vel
490 2502 560 2545 cunt
582 2480 716 2565 periculo
740 2478 872 2564 suscepti
891 2478 1057 2563 litigatoris,

92 2567 291 2652 infrequenter
316 2568 405 2631 etiam
430 2588 496 2631 suo.
544 2566 647 2630 Affert
670 2580 701 2631 et
725 2565 781 2630 ista
801 2588 852 2629 res
874 2565 1058 2650 opinionem,

124 2654 191 2737 quia
209 2653 403 2717 libentissimo
423 2652 559 2715 homines
580 2652 701 2717 audiunt
722 2673 771 2731 ea,
787 2672 864 2737 quae
882 2652 984 2716 dicere
1002 2652 1059 2737 ipsi

124 2739 296 2802 noluissent.

166 2822 243 2887 Illud
267 2843 386 2906 quoque
410 2822 544 2900 alterurn,
568 2822 648 2907 quod
674 2821 773 2885 estin
799 2822 968 2885 elocutione
994 2821 1061 2905 ipsa

125 2908 300 2992 periculum,
318 2908 412 2971 minus
427 2907 511 2985 vitat,
529 2922 710 2991 conaturque
730 2907 871 2990 perdite:
893 2909 972 2970 uude
988 2928 1059 2969 eve·

94 2994 167 3057 renit
179 3014 400 3076 nonnunquam,
416 3007 448 3055 ut
468 2992 577 3076 aliquid
591 2993 702 3076 grande
717 2992 858 3068 iuveniat,
874 2990 924 3074 qui
940 3011 1060 3071 semper

127 3079 239 3161 quaerit
262 3078 342 3161 quod
368 3078 489 3141 nimium
515 3091 583 3140 est:
610 3097 715 3138 verum
739 3088 770 3136 et
795 3095 863 3135 raro
892 3073 1003 3145 evenit,
1028 3086 1061 3135 et

130 3176 208 3225 certa
221 3163 291 3225 vitiu
306 3184 364 3225 uon
380 3177 495 3248 pensat.
1062 3175 1066 3181 '

170 3245 300 3329 Propter
321 3248 380 3311 hoc
402 3268 521 3348 quoque
544 3243 690 3307 interdurn
713 3240 849 3306 videntur
870 3239 983 3307 indocti
1005 3264 1059 3309 co·

128 3331 202 3417 pium
221 3332 335 3417 habere
357 3353 515 3417 majorem,
552 3330 612 3393 uod
635 3328 736 3393 dieunt
757 3328 878 3393 omnia:
901 3328 998 3394 doctis
1014 3344 1061 3395 est

98 3432 157 3481 caet
176 3419 296 3496 electio,
320 3433 349 3481 et
372 3418 489 3482 modus.
531 3352 598 3479 iiis
621 3414 752 3493 accedit,
768 3415 850 3500 quod
870 3436 889 3479 a
912 3437 984 3480 cura
1005 3416 1060 3478 do·

130 3504 210 3567 cendi
227 3504 309 3587 quud
328 3502 517 3578 intenderint,
533 3502 687 3565 recedunt.
735 3500 841 3585 Itaque
860 3498 932 3564 iilud
953 3519 1059 3593 quece-

133 3587 235 3652 tionem
257 3602 289 3652 et
314 3604 553 3673 argumentorum
574 3588 654 3672 apud
677 3602 816 3671 corrupta
833 3584 948 3670 judicia
970 3580 1059 3661 fugin
