2459 4200
148 265 213 330 m
300 263 311 292 ⁸
428 277 465 322 rr.
485 277 579 321 rrnrr
598 275 822 330 ournrmmrtt

188 431 321 514 Antiqua
336 429 496 493 comoedia
511 451 580 492 cunr
600 429 747 492 sinceram
765 427 846 492 illam
864 427 1010 495 ammonia
1023 427 1084 492 At·

143 517 194 582 tici
209 515 331 598 gratiam
346 535 441 598 prope
462 515 524 578 sola
541 515 659 590 retinet,
675 529 737 576 tum
751 512 979 577 facundissimae
993 514 1084 576 liber·
1124 537 1128 540 ·

144 601 221 676 tatis,
239 601 296 664 atsi
316 600 410 662 estin
433 599 613 664 insectandis
634 599 713 662 vitiis
735 600 909 683 praecipua,
926 599 1083 681 plurimum

143 686 361 760 tamenririum
382 685 471 748 etiam
491 685 521 746 in
539 684 648 748 ceteris
666 685 798 768 partibus
812 685 914 746 habet.
960 683 1038 747 Nam
1052 696 1084 744 et

162 771 274 846 randis,
292 785 322 834 et
336 771 468 852 elegans,
482 784 512 832 et
527 785 649 832 venusta
666 791 673 830 :
696 783 727 832 et
740 769 846 832 nescio
860 791 898 831 an
913 767 1003 846 nulla,
1017 781 1108 852 poste

143 791 315 918 liemarum
332 869 455 930 tamen,
473 876 575 937 quem,
596 870 628 916 ut
651 855 816 928 Achillem,
833 875 955 937 semper
983 853 1085 935 excipi

143 960 197 1023 par
211 955 269 1014 est,
286 954 337 1004 aut
351 940 473 1003 similior
491 940 530 1002 sit
548 939 725 1013 oratoribus,
743 938 844 1001 autad
860 952 995 1000 oratores
1010 937 1084 1000 iaci·

143 1025 238 1086 andos
253 1025 358 1108 aptior.
407 1024 514 1088 Plures
535 1024 599 1108 ejus
618 1039 782 1086 auctores:
805 1022 1025 1104 Aristophontes
1039 1037 1084 1084 ta·

144 1129 224 1184 men,
241 1125 271 1172 et
288 1109 430 1190 Eupolis,
452 1109 674 1192 Cratinusque
689 1107 852 1191 praecipui.

189 1193 376 1276 Tragoedias
392 1195 519 1278 primurn
535 1195 562 1256 in
578 1195 677 1256 lucem
689 1191 856 1275 Aeschylus
872 1192 1003 1274 protulit,
1014 1193 1125 1256 sub-ro

93 1285 96 1290 ’
144 1278 221 1340 limis
237 1294 267 1342 et
282 1279 389 1361 gravia
407 1294 439 1342 et
457 1279 667 1362 grandiloquus
689 1299 782 1361 saepe
801 1298 894 1360 usque
914 1278 952 1340 ad
967 1276 1082 1354 vitium,

144 1363 199 1425 aad
219 1364 300 1426 rudis
322 1364 352 1426 in
379 1364 526 1448 plerisque
553 1379 583 1426 et
605 1363 843 1446 incompositus:
866 1363 1085 1446 propterquod

144 1463 296 1510 correctas
312 1448 376 1531 ejus
392 1449 505 1522 fabulas
522 1450 550 1510 in
566 1463 718 1510 certamen
733 1446 850 1510 deferre
872 1447 1085 1530 posterioribus

145 1531 243 1613 politis
259 1532 464 1628 hthenienses
486 1533 661 1615 permisere,
678 1547 803 1615 suntque
826 1553 865 1594 eo
887 1533 979 1595 modo
1001 1533 1084 1595 multi

144 1629 287 1678 coronata.
1091 1638 1124 1676 rs

190 1699 256 1764 Sed
273 1701 361 1784 longe
378 1700 486 1764 clarius
507 1701 724 1764 illustraverunt
745 1703 804 1764 boc
827 1723 903 1784 opus
924 1702 1086 1783 Sophoclea

145 1799 233 1868 atque
250 1785 444 1868 Euripides:
467 1807 593 1870 quornm
619 1788 649 1848 in
673 1787 783 1870 dispari
806 1787 927 1850 dicendi
949 1788 996 1850 ria
1018 1801 1085 1850 uter

144 1871 182 1933 sit
201 1875 292 1954 poe'ta
313 1873 431 1948 melior,
449 1872 523 1936 inter
541 1873 683 1956 plurimos
698 1871 858 1956 quaeritur.
906 1872 1003 1956 quue
1025 1893 1085 1955 ego

144 1975 227 2030 sane,
245 1957 381 2038 quoniam
404 1959 442 2019 ad
465 1973 653 2040 praesentem
676 1958 828 2020 materiam
850 1958 921 2019 nihil
945 1957 1082 2040 pertinet,

144 2037 337 2123 injudicatum
352 2041 496 2124 relinquo.
544 2041 623 2105 Illud
638 2041 758 2125 quidem
778 2063 867 2104 nemo
885 2063 945 2105 non
959 2042 1122 2107 fateaturao
1192 2041 1201 2056 ”

143 2146 269 2188 necesse
284 2140 341 2202 est,
354 2127 400 2201 iis,
412 2127 461 2209 qui
477 2149 510 2189 se
525 2127 563 2190 ad
579 2129 726 2209 agendum
737 2143 923 2211 comparant,
936 2128 1086 2192 utiliorem

143 2211 232 2294 longe
248 2208 311 2274 lore
327 2211 514 2296 Euripidem.
550 2212 688 2297 Namque
703 2213 728 2276 is
743 2227 774 2275 et
789 2213 820 2275 in
834 2234 973 2276 sermone
988 2214 1084 2297 (quod

143 2296 240 2379 ipsum
257 2298 486 2382 reprehendunt,
504 2299 608 2382 quibus
628 2300 753 2382 gravitas
768 2312 798 2361 et
813 2300 974 2361 cothurnus
990 2314 1021 2362 et
1034 2320 1085 2362 so·

87 2434 94 2443 .
143 2403 198 2445 ntae
228 2383 392 2466 Sophoclis
416 2384 533 2447 videtur
556 2406 625 2447 esse
651 2384 817 2466 sublimior)
844 2385 938 2467 magis
964 2383 1085 2447 accedit

144 2469 274 2529 oratorio
297 2469 422 2549 generi:
446 2483 475 2530 et
498 2470 650 2532 sententiis
669 2470 790 2545 densus,
807 2484 838 2531 et
860 2470 888 2531 in
912 2470 960 2546 iis,
976 2490 1051 2553 quae
1066 2491 1122 2533 aas

144 2552 325 2633 sapientibus
342 2552 447 2613 tradita
468 2566 546 2635 sunt,
565 2574 661 2635 paene
681 2553 754 2633 ipsis
773 2575 838 2637 par,
855 2569 885 2616 et
901 2554 1030 2617 dicendo
1046 2576 1083 2617 ac

143 2635 355 2714 respondendo
371 2634 491 2698 cuilibet
513 2658 629 2711 eorum,
646 2637 695 2717 qui
711 2636 827 2699 suerunt
841 2638 870 2699 in
885 2637 951 2701 soro
968 2639 1082 2715 diserti,

143 2718 385 2799 comparandus3
408 2718 437 2779 in
459 2720 615 2782 affectibus
634 2741 707 2781 vero
729 2742 799 2783 cum
821 2723 957 2786 omnibus
979 2724 1084 2803 mnus,

142 2814 204 2863 tum
222 2800 313 2876 iniis,
332 2802 381 2883 qui
404 2802 594 2865 miseratione
615 2818 762 2881 coustant,
780 2804 869 2867 facile
892 2809 1083 2890 praecipuus.

154 2928 156 2935 ,
187 2884 280 2947 Hune
302 2897 331 2948 et
349 2885 507 2949 admiratus
529 2887 658 2949 maxime
673 2902 730 2963 est,
749 2902 779 2951 ut
794 2910 886 2971 saepe
901 2903 1035 2968 testatur,
1053 2911 1121 2964 etse

143 2985 274 3048 secutus,
292 2991 459 3055 quanquam
484 2972 512 3033 in
540 2992 633 3055 opere
655 2972 787 3050 diverso,
803 2974 1007 3037 Menander:
1034 2982 1086 3061 qui
1162 2972 1167 2980 ’

143 3057 191 3121 rel
221 3079 306 3135 unus,
332 3079 401 3120 meo
431 3057 551 3141 quidem
576 3056 705 3143 judicio,
730 3060 885 3143 diligenter
913 3061 1022 3140 lectus,
1047 3066 1084 3128 ad

144 3158 263 3219 cuncta,
281 3164 357 3227 quae
376 3144 587 3228 praecipimus,
605 3145 771 3227 effingenda
789 3146 939 3209 sufficiat:
963 3148 1003 3210 ita
1018 3171 1084 3211 om·

143 3248 211 3287 nem
234 3228 313 3290 vitae
335 3229 492 3311 imaginem
511 3230 684 3314 expressit3
707 3245 786 3294 tanta
806 3231 836 3294 in
856 3254 894 3295 eo
915 3233 1082 3297 inveniendi

143 3310 244 3390 copia,
263 3325 293 3372 et
319 3312 477 3394 eloquendi
503 3313 655 3391 facultas3
677 3316 718 3379 ita
743 3333 790 3379 est
815 3318 952 3381 omnibus
979 3320 1118 3397 rebus,ae

143 3392 291 3477 personis,
303 3394 458 3459 affectibus
475 3401 730 3463 accommodatus.
778 3400 846 3464 Nec
861 3403 937 3465 nihil
946 3402 1083 3486 profecto

143 3478 290 3555 viderunt,
308 3478 361 3560 qui·-
373 3481 535 3559 orationes,
553 3506 630 3567 quae
650 3485 789 3547 Charisii
804 3489 924 3551 nomine
942 3489 1080 3567 edunmr,

144 3564 354 3639 aMenandro
377 3565 503 3649 scriptas
527 3585 640 3651 putant.
691 3570 755 3635 Sed
780 3571 851 3632 mihi
877 3573 965 3656 longe
990 3576 1085 3659 magis
