2459 4200
176 287 222 354 bb
472 305 508 349 u.
528 303 623 348 rem
641 297 864 355 aunarium

174 471 247 522 cam
270 455 361 522 multa
397 455 530 541 qnobdie
552 454 589 517 ab
605 453 731 537 sorbais
745 453 815 515 bera
835 451 1008 515 mosbour.
1056 451 1120 516 V'rr

179 545 239 621 illa,
256 564 333 628 qnae
349 550 527 624 παραγόμενα
544 555 666 617 vocant,
682 559 759 623 quae
776 557 816 600 ex
831 538 957 601 vocibus
979 538 1009 600 in
1033 557 1121 602 nsum

178 629 308 712 receptis
329 643 509 712 quocunque
536 626 628 688 niodo
649 624 843 700 declinantur,
865 623 953 686 nobis
975 624 1120 708 permitti·

179 735 256 790 mus,
270 715 367 798 qualia
380 728 446 776 sunt
461 712 637 787 Sublatarit,
649 725 680 772 et
691 709 929 791 proscripturit:
952 723 1040 792 atque
1054 710 1120 772 toa»

179 800 256 862 reati
268 809 377 882 portes,
394 821 451 883 pro
466 799 528 874 illo,
544 798 627 860 bino
649 795 795 872 coronati,
810 816 853 857 ex
872 794 979 857 eadem
998 794 1140 858 fictiones

174 900 257 948 mi·
304 884 372 950 sed
390 885 449 947 boe
465 883 603 959 feliciter,
621 881 758 943 evaluit:
778 893 929 943 utcontra
941 881 992 941 aio
1006 902 1062 964 pro
1073 901 1119 958 aa,

180 964 335 1032 infelicius.
393 968 429 1032 In
460 967 588 1032 Graecis
612 966 750 1041 obelisco,
773 965 946 1042 eoladumo,
962 981 1023 1028 etc.
1047 967 1122 1030 diue

175 1054 269 1117 etiarn
289 1054 414 1139 jurgare
437 1067 582 1130 returnar,
599 1052 650 1136 qui
673 1051 834 1114 toleranter
848 1051 952 1115 videre
965 1050 1123 1133 semetri-

175 1153 249 1201 ettes
262 1140 408 1203 videmur.

222 1223 273 1287 Eo
295 1225 386 1308 magis
406 1224 577 1288 necessaria
596 1230 774 1302 κατάχρησις,
792 1243 880 1304 quam
895 1235 979 1284 reate
992 1221 1152 1286 dicimusu

178 1309 366 1389 abusionem,
383 1332 460 1394 quae
485 1332 544 1372 non
559 1309 734 1372 habentibus
757 1327 869 1371 namen
883 1328 980 1385 suurn,
997 1328 1121 1370 accom-

178 1396 284 1459 modat
298 1399 379 1480 quod
394 1397 423 1457 in
438 1396 577 1480 proximo
592 1409 639 1458 est
654 1417 662 1454 ε
686 1394 742 1470 sic,

336 1559 401 1569 -—
411 1532 509 1596 Equum
521 1531 603 1580 divine
614 1530 723 1579 Palladis
735 1539 786 1579 arte
798 1527 955 1579 Aedificant:

180 1662 211 1714 et
227 1649 305 1732 apud
320 1648 481 1732 Tragicos,
495 1647 538 1709 Et
546 1648 615 1731 jara
629 1649 673 1710 leo
684 1648 798 1730 pariet,
808 1661 841 1710 at
852 1662 937 1731 pater
945 1661 1003 1711 est.
1050 1645 1123 1735 Mil-

180 1735 299 1800 lesura
319 1735 406 1812 baec,
430 1747 459 1797 ct
481 1733 651 1811 acetabula,
673 1733 816 1816 quicquid
839 1733 973 1810 babent3
995 1747 1027 1796 et
1045 1756 1154 1819 pyr-rs

176 1821 256 1900 tta,
274 1819 478 1906 cujuscunque
505 1815 644 1882 materiae
662 1833 754 1895 suot3
776 1833 808 1881 et
827 1819 1002 1901 parricida,
1020 1821 1122 1885 mauis

180 1923 301 1990 qiaoque
326 1921 376 1970 ant
397 1905 493 1969 fratris
519 1903 702 1968 interfector.
749 1903 1052 1988 Discernendumque
1079 1919 1124 1970 est

181 1992 241 2052 lroo
257 2005 351 2052 toturn
365 2011 384 2053 a
400 1989 588 2053 translatione
604 2011 708 2072 genus,
724 1989 795 2072 quia
808 1990 915 2051 abusio
928 2005 987 2066 est,
1004 1991 1056 2052 ubi
1070 2013 1124 2054 no·

182 2096 250 2138 men
277 2073 393 2137 deluit:
417 2075 588 2151 translatio,
613 2075 663 2137 ubi
690 2074 768 2138 aliud
794 2074 858 2138 suit.
905 2075 983 2139 Nam
1012 2080 1125 2161 potitae

182 2161 278 2225 solent
301 2161 423 2223 abusive
447 2160 536 2223 etiam
559 2160 588 2221 in
610 2160 656 2224 bis
679 2162 779 2238 rebus,
804 2161 910 2244 quibus
928 2162 1046 2224 nomina
1069 2185 1153 2226 suaso

182 2263 260 2325 sunt,
280 2246 386 2310 vicinis
403 2247 500 2330 potius
516 2246 557 2309 uti
575 2267 582 2306 τ
605 2247 685 2330 quod
701 2268 799 2310 rarum
814 2247 843 2308 in
856 2268 947 2330 prosa
962 2261 1018 2310 est.
1066 2246 1125 2311 Illa

182 2354 301 2418 quoque
326 2333 447 2417 quidam
472 2342 656 2413 καταχρήσεις
678 2333 780 2396 volunt
803 2353 883 2406 esse,
907 2351 977 2395 oum
1001 2350 1057 2415 pro
1073 2340 1125 2397 te·

181 2420 317 2482 maritate
332 2420 439 2495 virtus,
457 2434 507 2483 aut
529 2441 583 2503 pro
603 2416 721 2481 'luxuria
744 2417 911 2480 liberalitas
926 2418 1043 2480 dicitur.
1094 2418 1125 2482 A

180 2504 287 2587 quibus
308 2498 386 2564 baec
402 2502 521 2585 quidem
541 2504 722 2565 dissonantia
742 2518 823 2579 sunt,
838 2503 921 2585 quod
944 2503 974 2564 in
995 2503 1041 2566 bis
1064 2525 1126 2567 non

177 2584 307 2648 terbum
322 2602 375 2667 pro
388 2588 481 2647 verbo
497 2588 625 2669 ponitur,
638 2588 692 2649 sed
707 2607 755 2648 ree
771 2608 826 2669 pro
841 2610 884 2649 re.
925 2586 1033 2671 Neque
1045 2590 1155 2652 animas

180 2680 265 2755 putat
279 2664 435 2753 qnisquam
454 2670 608 2733 saarim
631 2686 661 2733 et
681 2670 890 2733 liberalitatem
912 2672 992 2735 idem
1013 2674 1126 2757 signifi·
1213 2691 1214 2698 ¹

182 2768 277 2817 aare:
300 2771 404 2815 ‘verum
430 2754 473 2831 id,
490 2756 571 2837 qnod
598 2756 641 2831 lit,
664 2754 737 2817 alius
765 2757 920 2818 muriam
946 2779 1014 2820 esse
1038 2759 1125 2837 dicit,

179 2834 255 2901 'alius
284 2836 517 2901 liberalitatem:
548 2840 682 2922 quamvis
708 2840 803 2901 neutri
828 2841 948 2903 dubium
974 2842 1023 2919 sit,
1048 2845 1128 2908 haec

183 2923 394 2986 essediversa.
562 2984 569 2989 ,
684 2944 691 2949 ·
774 2951 776 2955 ’
1019 2984 1023 2991 ,
1213 2889 1215 2990 l

228 3008 376 3095 Superest
392 3026 432 3073 ex
446 3004 506 3088 liis,
524 3028 599 3093 quae
620 3006 703 3072 aliter
723 3008 900 3092 significant,
916 3016 1077 3087 μετάληψις,
1096 3015 1156 3080 id„

180 3110 240 3175 est,
272 3096 463 3174 troasamtio,
495 3116 571 3180 abac
600 3114 636 3157 ea
665 3095 728 3157 olio
754 3096 790 3157 ia
819 3096 907 3157 aliud
934 3098 1015 3159 aetat
1042 3098 1126 3162 aicta

179 3192 339 3326 &uenata
360 3197 464 3267 tropus
484 3197 514 3245 et
533 3181 710 3257 rarissimus,
728 3195 757 3243 et
779 3182 909 3245 maxime
931 3183 1123 3267 improprius,

200 3264 314 3327 rraecis
335 3280 435 3329 tamen
450 3264 642 3351 frequentior,
680 3268 709 3329 ui
726 3264 916 3331 &aaaron
930 3268 1077 3347 Chirona,
1093 3284 1125 3332 et

181 3357 285 3427 'volonno
298 3355 365 3417 θοὰς
380 3360 467 3427 bielno
493 3352 604 3413 dicunt·
651 3286 681 3413 lb

181 3448 288 3512 tuem3
320 3446 369 3497 aut
399 3434 538 3497 Laelium
565 3434 683 3499 doctum
712 3438 925 3500 nominemus?
957 3436 1016 3502 Est
1044 3440 1155 3505 enimn
1211 3497 1212 3516 ,

181 3516 260 3584 baec
284 3518 313 3582 in
336 3518 445 3583 metale
468 3519 493 3583 si
512 3535 624 3598 namra,
640 3537 672 3585 ut
688 3523 765 3584 inter
779 3522 822 3598 itl,
836 3524 919 3605 quod
936 3524 1122 3603 uenalem

182 3604 223 3670 sit
249 3604 363 3671 medius
389 3542 509 3691 quibam
534 3608 655 3689 gadas,
678 3606 750 3669 nibil
775 3606 841 3690 ipse
863 3608 1045 3692 significans,
1067 3611 1125 3674 sed

682 3373 717 3415 os
741 3353 807 3436 qtris
830 3352 918 3430 ierat,
942 3355 967 3416 si
993 3354 1125 3418 Verrem
1212 3387 1214 3448 5

1210 3563 1213 3676 l

1207 3971 1212 4172 l
