2459 4200
369 324 520 369 sunucrr
537 324 687 378 uuonan
705 328 840 373 carran.
1023 320 1088 380 209

143 488 196 558 p'ra
212 472 298 549 dixi;
322 474 347 535 si
365 474 541 559 placandos,
558 475 727 541 inclinatam
742 482 889 563 quandam
910 484 1060 549 lenitatem
1078 510 1086 563 ;

141 560 167 623 si
183 559 390 623 misericordia
406 562 655 640 commovendos,
673 563 783 627 flexum
799 568 896 645 vocis,
910 584 941 631 et
956 570 1086 635 flebilem

140 644 331 723 suavitatem,
342 664 400 728 qua
415 666 576 793 praeppue
592 645 761 730 franguntur
776 651 875 729 animi,
890 665 1024 739 quaeque
1040 672 1086 721 est

140 730 274 793 maxime
295 730 444 794 naturalis.
524 752 571 795 am
593 732 681 795 etiam
697 734 787 800 orbos
802 736 967 821 viduasque
982 740 1085 805 videas

119 815 173 878 oin
194 815 265 899 ipsis
286 812 437 879 funeribus
459 838 569 881 canoro
584 818 715 901 quodam
738 822 830 884 modo
852 823 1082 906 proclamantes.

143 899 209 963 Hic
231 900 318 962 etiam
339 899 423 963 fusca
446 902 494 965 illa
515 914 588 981 vox,
606 904 723 987 qualem
738 905 852 969 Cicero
867 905 958 971 luisse
973 908 1001 971 in
1019 910 1085 973 An·

140 986 225 1049 tonio
241 985 325 1063 dicit,
342 986 416 1049 mire
437 986 549 1051 saciet:
573 989 663 1053 habet
682 990 760 1053 enim
782 991 811 1054 in
830 1014 876 1071 se,
891 994 973 1079 quod
989 994 1083 1058 imita·

139 1084 216 1135 mur.

65 1153 70 1165 '
183 1155 312 1239 Duplex
343 1170 509 1219 esttamen
538 1160 717 1236 miserati03
747 1162 838 1226 altera
864 1186 934 1227 cum
960 1164 1082 1242 invidia,

108 1242 236 1326 aquatis
267 1241 357 1304 modo
385 1242 464 1305 dicta
491 1242 529 1305 de
554 1244 742 1307 damnatione
769 1245 962 1310 Philodami:
994 1250 1084 1312 altera

142 1348 212 1389 cum
229 1327 440 1411 deprecatione
459 1328 627 1391 demissior.
674 1328 791 1407 Quare,
808 1332 924 1394 etiarnsi
943 1347 989 1396 est
1006 1334 1035 1396 in
1050 1334 1083 1396 il-

142 1412 178 1475 lis
194 1432 312 1496 quoqne
335 1426 439 1475 cantus
461 1414 629 1492 obscurior,
649 1415 686 1477 ln
705 1424 788 1477 coctu
807 1437 876 1479 arro
894 1418 1004 1501 populi
1021 1420 1082 1482 llo·

141 1500 226 1559 moni
239 1520 249 1573 ‚·
274 1519 332 1560 non
357 1498 435 1560 eninr
461 1498 536 1561 haec
563 1500 684 1563 rixantis
711 1502 803 1565 modo
826 1502 925 1565 dixit:
948 1518 989 1582 et,
1014 1504 1081 1582 Vos,

142 1581 260 1645 didoni
276 1584 408 1659 tumuli,·
430 1598 527 1667 neque
548 1586 639 1665 enim,
657 1587 739 1670 quasi
763 1587 933 1653 inclamaret
951 1605 1001 1653 aut
1023 1605 1082 1655 tes-

108 1682 263 1745 oraretur,
281 1668 397 1731 locutus
420 1682 489 1732 est:
513 1684 611 1734 tamen
635 1672 748 1735 infinito
771 1676 862 1758 magis
885 1674 934 1737 illa
954 1677 1032 1740 flexa
1053 1692 1084 1738 et

142 1754 346 1819 circumducta
359 1768 437 1830 sunt,
449 1755 507 1816 Me
519 1758 671 1833 murrum,
683 1776 727 1818 otc
739 1757 892 1839 infelicem
905 1781 915 1833 ‚-
937 1774 978 1834 et,
998 1759 1084 1833 Quid

141 1839 321 1921 respondebo
334 1840 439 1902 liberis
454 1840 526 1901 meis
539 1840 555 1901 l
578 1854 620 1917 et,
633 1842 784 1902 Rcoocorc
797 1850 830 1901 tu
844 1861 889 1903 mc
901 1841 936 1901 in
947 1842 1083 1922 putrium

139 1924 275 2005 potuisti,
286 1926 386 2002 Milo,
396 1944 452 2007 per
463 1926 515 1987 lros
529 1946 540 2000 ,·
563 1945 618 2007 ago
630 1936 656 1985 tc
670 1926 706 1985 in
720 1925 822 1986 cadem
834 1925 939 2008 patrio
950 1946 1007 2009 per
1022 1946 1082 1987 cor-

142 2010 209 2071 dam
223 2010 348 2072 retinere
361 2031 423 2073 non
433 2020 537 2093 potero
551 2010 582 2073 l.
605 2010 647 2073 Et
662 2025 732 2073 cum
747 2010 824 2073 bona
836 2009 864 2074 C
869 2058 876 2072 .
892 2009 1009 2075 Rabirii
1024 2033 1083 2075 uno

106 2096 279 2159 usesrertio
295 2096 417 2175 addicit,
436 2096 576 2160 Omaum
591 2099 732 2160 miserum
747 2097 945 2181 acerbumque
956 2119 1081 2182 proeco-

137 2201 238 2244 arum.

185 2267 241 2330 Illa
256 2289 375 2352 quoque
396 2267 470 2329 mire
486 2265 556 2328 lacit
572 2266 600 2326 in
617 2263 804 2346 peroratione
819 2264 901 2326 velut
915 2263 1082 2326 deficientis

143 2352 246 2416 dolore
262 2367 293 2415 et
307 2351 479 2436 fatigatione
498 2347 670 2412 confessio:
695 2360 725 2406 ut
748 2367 801 2428 pro
821 2346 930 2408 eodem
950 2345 1079 2423 Milone,

147 2437 207 2499 Sed
215 2437 293 2522 fiais
307 2439 370 2498 sit:
392 2434 580 2517 nequeenim
592 2449 668 2511 prae
685 2429 822 2490 lacrimis
832 2430 901 2512 jam
918 2430 1001 2513 loqui
1012 2451 1082 2512 pos·

105 2539 233 2584 aarum:
258 2522 347 2592 Quae
371 2519 496 2582 similem
519 2515 618 2578 verbis
642 2515 751 2576 habere
774 2514 885 2577 debent
904 2515 994 2578 etiam
1013 2535 1082 2597 pro·

141 2607 373 2670 nunciationem.
421 2602 554 2664 Possunt
570 2599 663 2662 videri
685 2599 740 2661 alia
755 2620 874 2682 quoque
888 2599 974 2686 hujus
990 2600 1082 2683 partis

142 2705 232 2772 atque
248 2689 350 2766 officii,
368 2707 434 2748 reos
449 2685 589 2762 cariture,
605 2705 716 2767 pucros
733 2685 881 2764 attollere,
894 2685 1083 2770 propinquos

138 2774 318 2858 producere,
332 2782 422 2835 uestes
438 2773 557 2834 laniare
574 2793 583 2832 :
607 2771 661 2834 sed
677 2792 733 2834 suo
746 2771 817 2834 loco
830 2771 911 2836 dicta
925 2785 1003 2835 sunt.
1039 2769 1082 2834 Et

142 2859 211 2944 quia
226 2858 254 2921 in
273 2859 405 2944 partibus
426 2874 536 2922 causae
557 2856 623 2921 talis
638 2871 686 2920 est
699 2856 840 2935 varietas,
858 2857 930 2921 satis
945 2873 1080 2942 apparet,

108 2946 430 3008 maccomnrodandam
446 2943 597 3007 sententiis
613 2943 686 3025 ipsis
702 2943 989 3025 pronunciationem,
1006 2943 1083 3006 sicut
1138 3017 1145 3026 ι

142 3030 336 3092 ostendimus.
388 3029 452 3092 Sed
467 3027 566 3090 verbis
582 3046 713 3109 quoque,
725 3027 804 3109 quod
820 3027 982 3091 novissime
997 3025 1082 3091 dixe·

141 3129 216 3188 ram,
233 3127 291 3174 non
308 3133 438 3194 semper,
456 3111 510 3174 sed
525 3111 694 3193 aliquando.
743 3110 795 3172 An
810 3132 868 3173 non
883 3112 971 3192 haec,
983 3113 1082 3176 misal·

142 3198 246 3260 tua-et
267 3197 484 3280 pauperculus,
502 3195 660 3258 summissa
686 3209 774 3278 atque
799 3210 949 3261 contracta
963 3220 972 3274 3
987 3197 1083 3282 sortis

143 3298 173 3346 ct
188 3283 341 3344 vehemens
354 3297 385 3345 et
400 3283 489 3359 lotro,
508 3293 608 3344 erecta
624 3293 655 3342 et
669 3280 819 3344 concitata
833 3303 911 3345 voce
921 3284 1081 3348 dicendum

109 3368 237 3432 rasum?
284 3366 416 3430 Accedit
437 3367 515 3430 enirn
537 3366 582 3429 vis
603 3380 635 3428 et
655 3365 820 3451 proprietas
838 3368 927 3432 rebus
946 3370 996 3434 tali
1012 3369 1081 3432 asti-

142 3453 315 3538 pulatione:
337 3474 414 3536 quae
435 3453 489 3516 nisi
510 3452 593 3528 assit,
611 3451 691 3514 aliod
706 3474 778 3529 vox,
797 3453 874 3518 aliud
898 3455 1012 3517 animus
1031 3469 1081 3544 os·

141 3540 252 3602 tendat.
299 3538 412 3610 Quid?
435 3539 516 3622 quod
536 3539 642 3600 eadem
661 3539 752 3600 verba
774 3554 882 3602 mutata
902 3551 1080 3621 pronuncia·

141 3623 221 3688 tione
248 3625 390 3702 indicant,
406 3625 563 3771 agrium
581 3623 773 3706 exprobrant,
790 3635 908 3704 negant,
925 3616 1077 3690 mirantur,
