2459 4200
329 259 483 308 ΒΕΒΕΟΊἋ
500 258 652 313 QUEM!
668 261 807 310 otnant.
1010 251 1056 315 ὅ

113 411 187 480 risun
205 409 307 478 laedat
323 429 331 472 ι
355 431 424 474 nam
440 425 471 476 ut
486 410 616 495 optabile
631 425 690 490 est,
706 411 898 498 plantatoris
918 417 1052 482 mereri:

112 497 155 562 sio
170 495 355 583 proximum,
370 495 431 560 odii
446 496 554 562 mnus.
599 495 638 564 In
652 497 701 576 iis,
716 519 794 582 quaa
807 500 907 584 negari
922 523 983 566 non
996 524 1052 588 po·

5 599 6 638 1
112 596 219 659 teurnt,
236 581 463 660 elaborandum,
482 598 513 648 ut
534 597 583 646 aut
602 583 729 662 minora,
746 605 834 668 quani
856 586 971 652 dictum
992 603 1051 667 est,

112 683 163 736 sut
177 668 233 734 alia
248 680 349 734 mente
364 664 454 746 faeta,
471 681 522 732 aut
537 669 607 732 nihil
629 669 668 734 ad
690 684 880 753 praesentem
902 674 1052 756 quaestio·

92 773 184 820 tneru
199 753 359 838 pertinere,
374 767 423 818 eut
438 754 591 820 emendari
606 775 699 842 posse
711 756 907 839 poenitentia,
920 772 971 821 aut
981 759 1053 824 satis

5 857 6 870 ³
110 837 178 924 jam
191 838 301 922 punito,
319 839 485 904 videantur.
533 837 670 923 Ideoque
684 861 776 924 agere
790 842 953 921 advocato,
964 864 1053 926 quant

111 922 259 1006 litigatori,
276 921 414 988 facilius:
438 923 506 1006 quin
527 938 558 986 et
579 924 681 990 laudet
701 925 767 990 sine
788 927 972 1010 arrogantiae
993 929 1052 994 cri·

111 1008 204 1086 mine,
221 1021 252 1072 et
274 1007 430 1092 aliquando
453 1008 562 1071 utiliter
584 1009 674 1072 etiam
695 1011 916 1094 reprehendere
980 1028 1050 1080 teat.

5 1153 7 1164 ,
111 1091 191 1160 Nam
207 1113 240 1158 se
256 1113 375 1176 quoque
390 1092 505 1156 moveri
525 1093 642 1159 iuterim
664 1094 767 1178 finget,
791 1110 823 1162 ut
844 1119 901 1181 pro
923 1035 1052 1163 liittrto

5 1239 7 1260 ‚
78 1177 264 1244 ruPostumo
279 1176 404 1256 Cicero,
424 1177 494 1241 dum
517 1179 632 1244 editum
653 1179 710 1244 sibi
731 1181 770 1246 ad
793 1203 880 1246 aures
903 1180 1005 1261 saciet,
1022 1200 1054 1249 et

5 1263 7 1306 i
112 1261 322 1330 auctoritatem
336 1262 433 1328 induat
447 1284 520 1328 vera
535 1263 701 1340 sentientis,
717 1285 778 1346 quo
797 1267 891 1348 magis
914 1268 1054 1334 credatur

5 1309 7 1440 Ι
111 1348 163 1417 vei
173 1345 342 1412 defendenti
353 1347 532 1432 eodemqe}
543 1347 673 1430 neganti.
706 1346 843 1432 Ideoque
854 1349 914 1414 hoo
925 1350 1052 1435 primum

5 1493 6 1498 ,
111 1432 270 1511 intuemur,
294 1431 445 1516 litigatoris
467 1454 503 1498 an
526 1432 666 1500 advocati
687 1455 818 1517 persons
839 1434 877 1500 sit
896 1437 1051 1518 utendum,

5 1535 6 1594 t
110 1518 230 1602 quoties
253 1531 410 1601 utrumque
434 1518 498 1584 fieri
523 1532 645 1602 potest:
668 1540 736 1584 nam
754 1519 784 1583 in
799 1520 904 1598 schole
925 1521 1053 1588 liberunt

5 1605 6 1650 ³
78 1618 180 1671 west:
205 1603 235 1668 in
256 1601 321 1667 soro
344 1624 454 1681 rarum,
470 1617 503 1668 ut
518 1604 555 1668 sit
570 1603 696 1669 idoneus
711 1626 784 1672 suae
798 1605 842 1670 rei
856 1606 983 1690 quisque
999 1607 1052 1673 de·

109 1687 223 1756 sensor-
270 1687 503 1755 Declamaturus
519 1703 619 1754 autem
634 1689 767 1756 maxime
782 1691 895 1774 positas
909 1692 941 1756 in
958 1693 1052 1758 affee-

109 1774 192 1842 tibus
207 1795 312 1844 causas
328 1774 456 1858 propriis
471 1775 606 1858 personis
622 1775 715 1841 debet
736 1775 869 1842 iuduere.
918 1774 963 1840 Hi
985 1790 1055 1842 suut

109 1859 207 1936 enim,
223 1859 273 1942 qui
292 1859 422 1924 mandari
444 1880 505 1924 uon
527 1873 674 1943 possunt:
696 1880 755 1924 nec
771 1860 879 1926 eedem
893 1859 924 1926 ui
938 1858 1053 1943 perser-

109 1958 165 2014 tut
177 1943 263 2012 alieni
277 1944 376 2022 ammi,
394 1966 453 2028 qua
467 1945 526 2021 sui,
542 1958 652 2012 motus.

5 2083 6 2113 p
73 2047 102 2092 sa
158 2027 218 2094 His
241 2029 332 2097 etiam
354 2030 392 2096 de
415 2030 512 2096 causis
536 2029 732 2108 insinuatione
747 2029 863 2098 videtur
877 2053 956 2116 opus
969 2053 1052 2111 esee,

108 2116 135 2186 si
154 2116 314 2184 aduersarii
330 2116 409 2181 aetio
421 2115 557 2201 judicum
572 2117 687 2183 animos
709 2117 884 2200 occupavit,
899 2118 926 2183 si
949 2117 1052 2183 dicen·

109 2202 184 2265 dum
206 2202 286 2285 apud
307 2200 443 2283 fatigatos
466 2216 535 2267 est:
559 2223 685 2284 quorum
707 2202 832 2267 alterum
850 2202 1054 2285 promittendo

107 2300 228 2352 nostras
253 2286 455 2370 probationes,
477 2300 508 2353 et
530 2287 671 2351 adversas
694 2286 856 2360 eludendo,
872 2286 1053 2361 vitabimus;

108 2372 236 2439 aiteram
252 2386 283 2439 et
297 2393 352 2455 spe
367 2371 532 2447 brevitatis,
546 2369 637 2446 otiis,
650 2368 757 2451 quibus
772 2382 916 2433 attentum
929 2369 994 2431 fieri
1004 2369 1054 2453 ju·

74 2457 213 2525 andiceni
228 2458 398 2524 doeuimns.
444 2455 487 2521 Et
510 2454 660 2521 urbanitas
683 2467 851 2539 opportuna
872 2452 969 2521 reficit
990 2453 1053 2521 aui·

109 2565 192 2621 mos,
204 2558 234 2611 et
246 2543 444 2625 undecunque
455 2541 547 2626 petite
555 2540 667 2627 judicis
676 2540 813 2624 voluptas
821 2540 901 2606 levat
909 2540 1052 2608 taedium.

5 2702 6 2705 Ἴ
110 2626 184 2695 Non
206 2628 314 2692 inutilis
338 2627 428 2693 etiam
451 2641 496 2691 est
517 2627 591 2693 ratio
615 2626 796 2710 occupandi,
820 2648 897 2710 quaa
918 2626 1055 2695 videutru

5 2726 6 2731 ’
110 2714 254 2781 obstare:
269 2712 424 2777 utCicetu
437 2713 520 2791 dicit,
537 2712 623 2777 Scire
637 2733 667 2775 se
683 2712 793 2776 mirari
808 2712 964 2794 quosdam,
975 2713 1055 2795 quod

108 2799 150 2875 in,
169 2800 223 2883 qui
232 2820 300 2945 per
319 2808 363 2861 tut
385 2818 481 2863 ouius
498 2795 667 2879 descenderit
681 2799 802 2875 multos,
818 2798 939 2867 nauem
959 2798 1055 2864 neuti-

5 2932 7 2961 Τ,
77 2904 230 2960 πωπω
274 2884 479 2947 accusandum
500 2883 621 2946 Verrem
643 2882 851 2951 descenderit:
874 2884 983 2949 deiude
1005 2902 1057 2951 aa·

110 2970 222 3047 tendit,
232 2970 310 3034 hene
326 2967 420 3053 ipsam
432 2968 582 3037 sociorum
595 2967 819 3043 defensionem
834 2968 917 3049 quod
932 2968 1056 3033 schema

109 3052 248 3131 106on
260 3054 378 3121 dicitur.
419 3053 457 3119 Id
473 3076 543 3119 cum
557 3054 596 3119 sit
607 3052 679 3118 utile
691 3052 862 3133 aliquando,
874 3071 953 3111 nunc
969 3070 988 3111 a
1003 3050 1056 3109 de·

112 3132 327 3205 oiaruatodbos
342 3140 518 3223 quibusdem
530 3158 628 3221 paene
638 3155 759 3216 semper
770 3130 939 3208 assumitur,
949 3131 998 3213 qui
1012 3130 1056 3199 ias

111 3236 179 3281 mn
194 3230 308 3300 putant,
320 3225 375 3291 nisi
391 3247 408 3291 a
423 3223 585 3299 eontentio,
599 3219 743 3303 incipere·
789 3214 909 3301 Negant
925 3214 1056 3306 Apollo·

77 3302 225 3379 adorsum
240 3310 346 3389 sconti,
359 3326 419 3379 tres
436 3330 505 3377 osse
519 3307 572 3393 (de
584 3306 691 3392 quibus
701 3303 847 3389 duint&
860 3307 1058 3391 praeponendi

108 3386 224 3474 judicis
240 3408 364 3477 partes:
389 3396 443 3459 sed
459 3394 564 3458 multas
580 3393 699 3476 species
711 3405 897 3470 enumerant,
908 3406 940 3461 ut
950 3414 986 3461 tn
996 3414 1059 3460 ma·

111 3476 201 3546 ridet
209 3480 344 3571 ,iudicis
355 3502 391 3545 ea
405 3478 602 3563 opinionibus
616 3478 657 3544 od
672 3499 795 3544 nemost
808 3488 894 3545 estro
903 3480 1058 3561 partinen-

113 3561 208 3644 tiit»,
219 3586 258 3635 ts
270 3567 416 3649 affiniano
428 3567 466 3633 de
480 3566 550 3649 ipse
565 3584 758 3655 deusdonae
772 3578 841 3633 sint
851 3584 950 3650 prope
964 3556 1060 3627 tudui-
