2459 4200
337 340 492 385 crurum
511 342 659 396 nummu
678 344 813 387 currrr.
996 332 1058 391 221

116 506 188 557 tas.
212 512 290 577 quae
311 492 336 557 si
356 514 415 556 nou
438 494 522 573 assit,
540 516 610 558 sane
625 495 752 558 sufficiat
770 494 843 558 ab”
823 518 859 559 ns
875 494 981 578 quibus
996 498 1062 579 quis

115 576 191 643 dicit
214 579 320 641 audiri.
375 578 461 643 Talis
488 602 556 644 esse
578 582 671 643 debet
697 595 796 643 orator
817 596 849 644 et
870 581 946 645 haec
969 583 1060 646 scire

119 662 220 745 [xri
237 666 285 743 a]

493 856 689 867 u—n-——n

460 968 602 1031 CAPUT
622 970 723 1028 XXX.

213 1150 309 1199 ,QUOD
325 1151 373 1193 stt·
388 1151 511 1192 TEMPUS
526 1152 701 1191 tnctrutrtm
717 1153 830 1193 clusas
845 1152 957 1195 AGERE·

162 1286 309 1352 Aennnt
334 1304 432 1351 autem
455 1288 568 1352 initium
593 1288 656 1350 sine
680 1288 771 1351 dubio
797 1290 1013 1351 secundum
985 1313 1065 1353 vires

93 1374 205 1459 scujus
230 1397 266 1437 ue
282 1376 458 1437 sumendum
480 1389 535 1437 est
583 1372 692 1456 Neque
713 1395 769 1456 ego
791 1396 884 1436 annos
900 1373 1064 1437 definiam:

117 1482 190 1525 cum
208 1397 457 1523 l)emosthenem
480 1482 604 1543 puerum
627 1460 790 1522 admodum
811 1459 946 1522 actiones
969 1461 1065 1543 pupil-

117 1546 197 1609 lares
218 1545 358 1607 habuisse
378 1544 565 1607 manisestnm
589 1544 650 1619 sitt
674 1544 800 1622 Calvus,
819 1544 946 1623 Caesar,
965 1544 1066 1608 Pollio
1115 1569 1119 1579 ⁸

117 1631 243 1693 multum
260 1645 327 1693 aute
343 1631 540 1713 quaestoriam
556 1652 660 1694 omnes
677 1644 805 1693 aetatem
824 1632 997 1730 gravissima
1015 1632 1065 1717 J'n·

119 1716 201 1779 dicia
216 1717 426 1798 susceperint,
452 1732 655 1799 praetextatos
677 1716 773 1798 egisse
790 1718 936 1799 quosdam
955 1718 992 1779 sit
1007 1732 1064 1779 tra·

86 1824 112 1862 ro
121 1802 240 1876 ditum
264 1800 379 1863 Caesar
396 1800 550 1883 Augustus
567 1802 728 1863 duodecim
749 1816 833 1862 natus
854 1821 947 1862 annos
968 1800 1066 1862 aviam

120 1909 176 1971 pro
192 1886 293 1949 rostris
309 1884 532 1947 laudaverit.-

166 1970 278 2033 Modns
296 1971 366 2033 mihi
382 1971 498 2033 videtur
513 1971 634 2055 quidam
649 1970 806 2045 tenendus,
818 1984 849 2032 nt
865 1991 962 2054 neque
978 1992 1064 2055 prae-

120 2079 251 2144 propero
267 2056 490 2142 destringatur
483 2072 639 2126 immatura
654 2054 748 2132 srons,
766 2071 796 2120 et
812 2055 952 2141 quicquid
969 2072 1015 2121 est
1030 2057 1065 2120 il·

121 2145 172 2208 lud
188 2145 285 2206 adhuc
302 2145 443 2206 acerbum
459 2143 636 2227 proseratur.
682 2141 761 2204 Nam
778 2143 846 2205 iude
862 2159 892 2205 et
907 2159 1065 2226 contemp·

87 2243 168 2292 utus
185 2229 283 2312 operis
300 2229 471 2306 innascitur,
490 2244 519 2290 et
534 2227 754 2290 fundamenta'
740 2228 891 2324 Jaciuntur
909 2227 1065 2309 impuden-

121 2315 193 2392 tiae,
212 2329 254 2390 et,
272 2314 353 2397 quod
383 2329 428 2375 est
456 2313 564 2394 ubique
592 2311 888 2394 perniciosissimum,
910 2311 1067 2409 praevenit

120 2397 201 2462 vires
224 2397 343 2464 fiducia
391 2397 459 2462 Nee
486 2420 585 2460 rursus
609 2396 806 2459 differendum
830 2411 876 2457 est
898 2396 1066 2458 tirocinium

121 2484 153 2546 in
168 2498 363 2548 senectutem.
410 2483 489 2546 Nam
505 2481 637 2565 quotidie
658 2495 754 2544 metus
770 2480 892 2557 crescit,
909 2479 1065 2564 majusque

122 2569 156 2634 fit
177 2591 310 2654 semper,
328 2570 407 2652 quod
431 2569 527 2632 ausuri
551 2587 677 2628 sumus.
701 2580 742 2642 et,
760 2566 830 2626 dum
853 2566 1063 2644 deliberamus,

84 2655 242 2740 nequando
258 2653 458 2798 iucsipiendum
474 2654 523 2728 sit,
542 2652 673 2734 incipere
684 2650 747 2735 jam
763 2673 861 2713 serum
878 2666 934 2715 est

151 2735 308 2806 Quares
305 2753 420 2800 ructum
444 2738 606 2801 studiorum
628 2737 754 2800 viridem
776 2752 807 2800 et
827 2739 924 2801 adhuc
945 2737 1066 2802 dulcem

123 2844 220 2907 promi
212 2821 336 2898 decet,
355 2823 424 2886 dum
446 2841 476 2887 et
491 2822 597 2888 veniae
617 2846 687 2922 spes
709 2837 767 2900 est,
784 2838 814 2886 et
834 2840 951 2908 paratus
967 2824 1064 2901 lavor,

124 2922 156 2971 et
175 2910 285 2971 audere
305 2929 365 2970 nou
381 2910 531 2986 dedecet,
555 2923 596 2985 et,
614 2910 724 2992 siquid
742 2911 819 2972 desit
833 2911 930 2991 operi,
947 2912 1067 2992 supplet

123 3009 230 3067 aetas;
254 3009 294 3068 et,
307 2993 331 3056 si
344 3014 401 3075 qna
417 3009 482 3057 sunt
495 2995 574 3057 dicta
582 2994 765 3076 juveniliter,
777 3013 831 3073 pro
848 2993 947 3053 indole
962 2993 1065 3074 accip-

86 3078 244 3140 oriuutur:
277 3093 307 3140 ut
328 3094 406 3142 totus
428 3079 476 3140 ille
503 3077 661 3140 Ciceronis
683 3097 738 3158 pro
761 3074 860 3138 Sexto
881 3075 999 3137 Roscio
1020 3078 1065 3138 lo·

121 3183 189 3238 cus,
214 3163 300 3237 Quid
315 3165 394 3226 enim
410 3175 471 3224 tam
487 3182 652 3238 commune,
666 3181 755 3242 quam
770 3159 895 3241 spiritur
908 3161 994 3236 vivit,
1007 3169 1066 3222 ter·

121 3267 160 3309 ra
189 3249 326 3327 mortuis,
350 3269 432 3310 more
453 3246 688 3331 fluctuantibus,
706 3245 778 3306 litus
799 3244 931 3328 ejectio?
975 3244 1067 3318 Quae

78 3333 81 3342 '
122 3353 193 3395 cum
208 3355 262 3396 sex
280 3349 310 3397 et
325 3333 426 3417 viginti
441 3349 527 3396 natus
548 3354 653 3407 annos,
672 3330 794 3394 summis
810 3330 991 3428 audientium
1006 3333 1066 3397 ola·

121 3417 255 3481 moribus
268 3419 388 3497 dixerit,
400 3418 564 3482 deservisse
580 3432 728 3500 tempore,
741 3430 771 3478 et
784 3415 867 3478 aunis
882 3417 1015 3502 liquata
1001 3439 1067 3502 Jam

90 3504 223 3568 arsenior
238 3505 316 3568 idem
334 3505 449 3568 latetur.

166 3587 210 3651 Et
231 3589 353 3655 hercule
377 3589 590 3673 quantumlibet
616 3603 733 3651 secreta
757 3588 855 3651 studia
876 3584 1065 3665 contulerint,

123 3683 285 3739 esttamen
300 3675 574 3824 pmp‘ilugflffidam
594 3673 651 3738 lori
672 3672 838 3758 protectus,
854 3673 911 3735 alia
930 3672 994 3750 lux,
1008 3671 1067 3735 elia
