2459 4200
139 262 183 324 74
427 275 465 318 rr.
485 275 580 318 rann
598 272 830 326 cornorum·

140 427 219 504 lam
241 433 387 507 ἐξεργασία
404 425 433 488 in
449 420 600 510 efficiendo
616 425 698 488 velut
715 445 808 508 opere
827 423 983 508 pmposito
998 444 1008 500 3
1030 424 1081 488 cai
1164 436 1169 440 ’

139 513 275 595 adjicitur
301 519 497 591 ἐπεξεργασια,
515 510 651 592 repetitio
674 509 863 592 probotionis
888 509 1036 594 ejusdem,
1049 524 1080 574 et

138 597 272 660 cumulus
294 619 334 660 ex
355 597 536 670 abundanti3
560 603 685 676 ἐνέργεια
709 595 835 658 confinis
859 595 906 658 bis
925 595 988 677 (cst
1001 597 1082 660 enirn

138 682 175 744 ab
192 682 309 764 agendo
322 683 416 765 dicta)
432 696 463 745 et
477 681 563 765 cujus
579 680 699 765 propria
716 680 819 757 virtus,
832 702 891 744 non
905 701 986 757 esse,
1004 703 1080 764 quae

138 767 286 845 dicuntur,
311 768 419 831 otiosa.
465 766 525 830 Est
542 781 572 830 et
592 785 731 829 amorum
752 766 905 849 quiddam,
922 767 1003 850 quod
1018 766 1108 831 feres

139 852 168 914 in
183 854 363 916 contumelia
385 868 431 916 ast
454 853 595 936 positum,
620 851 706 934 quale
729 850 840 927 Cassii,
865 853 950 927 Quid
963 850 1080 933 sociae,

139 957 206 1000 cum
221 940 255 1000 in
271 939 349 1001 bono
364 937 597 1000 reuiuesceret
620 938 675 1000 lece
691 947 743 1014 eet,
760 957 828 999 cum
844 947 871 998 tc
885 937 1013 999 docuem
1028 958 1081 1000 ne·

137 1023 214 1084 scire
230 1023 437 1086 maledicere?
480 1022 523 1086 Et
533 1043 613 1102 aare,
629 1037 659 1084 ut
675 1022 744 1084 illud
755 1020 871 1098 Crassi,
884 1023 955 1104 Ego
967 1033 994 1084 te
1009 1043 1083 1086 ceo·

137 1109 231 1170 colem
249 1119 363 1190 putem,
379 1129 446 1171 cum
461 1119 494 1170 tn
514 1129 558 1170 ma
574 1129 636 1170 non
651 1116 738 1190 putes
752 1107 945 1170 senatorem?

184 1192 248 1256 Sed
262 1194 308 1256 vis
321 1194 447 1258 oratoris
463 1195 559 1257 omnis
575 1194 603 1256 in
620 1193 759 1278 augendo
774 1192 992 1276 minuendoque
1007 1214 1081 1256 con·
1091 1216 1121 1256 re

137 1276 224 1341 sistit.
273 1277 402 1364 Utrique
426 1280 498 1364 parti
523 1279 647 1342 totidem
674 1278 768 1357 modi,
786 1277 946 1361 exquibus
965 1279 1081 1362 praeci·

137 1383 213 1445 puos
243 1365 439 1448 attingemus:
464 1365 567 1448 reliqui
593 1364 705 1427 similes
728 1378 823 1426 erunt·
881 1363 960 1427 Sunt
981 1380 1080 1428 autem

137 1448 226 1528 positi
251 1450 287 1511 in
312 1451 410 1524 rebus,
430 1465 459 1512 et
483 1449 591 1510 verbis.
650 1447 728 1523 Sed,
753 1468 830 1529 quac
854 1448 893 1510 sit
916 1471 1014 1512 rarum
1036 1450 1079 1511 in·

136 1531 237 1592 ventio
249 1553 285 1594 aa
296 1532 383 1608 ratio,
400 1533 614 1596 tractavimus:
639 1553 729 1609 nuno,
746 1531 1080 1615 quidcloeutioattollat

137 1629 187 1678 aut
201 1616 362 1700 deprimat,
378 1617 548 1680 dicendum.
600 1616 715 1698 [VIII.
735 1619 784 1696 3.]
1088 1643 1119 1684 ιε

480 1993 621 2053 CAPUT
640 1993 728 2052 XVI.

518 2177 559 2216 DE
574 2176 694 2217 retorta.
800 2188 804 2191 ’

185 2315 306 2400 lbopue
317 2327 358 2379 ert
367 2316 450 2379 uerbi
464 2317 511 2379 uel
524 2318 670 2379 sermonis
681 2337 701 2379 a
711 2316 842 2400 proprio
855 2314 1079 2403 significatione

136 2403 170 2465 itt
189 2405 283 2467 olium
303 2426 369 2467 cum
389 2405 499 2466 uirtute
519 2404 656 2464 namatio.
702 2403 795 2465 Circa
810 2424 900 2485 quem
915 2404 1079 2489 inexplica-

135 2489 203 2551 bilis
224 2504 254 2551 et
272 2488 471 2569 grammaticis
496 2489 571 2549 inter
594 2488 688 2569 ipsos,
706 2501 736 2548 et
760 2488 958 2572 philosophis,
981 2510 1085 2574 pugna-

137 2588 192 2648 ast‚
210 2594 287 2653 quae
312 2572 369 2633 sint
392 2592 512 2652 genera,
530 2590 605 2652 quae
630 2570 762 2653 specieS,
779 2572 828 2654 qui
853 2595 1005 2653 numems,
1027 2574 1079 2659 qui

136 2657 244 2739 cuique
267 2655 449 2739 subjiciatur.
498 2654 563 2717 Nos
586 2655 717 2731 omissis,
742 2678 819 2739 quae
840 2657 917 2721 nibil·
934 2661 973 2722 ad
996 2661 1117 2725 insti-ao

136 2741 277 2803 tuendum
301 2754 450 2802 oratorem
479 2738 636 2822 pertinent,
665 2740 911 2820 cavillationibus,
937 2766 1078 2810 necessa-

136 2826 196 2887 rios
217 2824 346 2885 maxime
362 2836 450 2906 atquc
465 2823 494 2885 in
511 2844 594 2885 usum
610 2838 751 2907 receptos
772 2848 971 2909 exsequemur
987 2852 994 2891 :
1018 2832 1079 2896 hoo

136 2910 227 2972 modo
243 2910 270 2972 in
287 2910 331 2972 his
347 2924 503 2971 annotasse
523 2907 667 2985 contenti,
684 2911 829 2991 quosdam
850 2913 941 2994 gratia
956 2915 1079 2998 signifi·

136 2996 275 3074 cationis,
288 2996 434 3079 quosdam
449 2994 566 3057 decoris
581 2995 701 3070 assumi,
716 3008 746 3057 et
762 3017 829 3059 esse
844 2997 918 3059 alios
933 2998 963 3059 in
977 3000 1079 3065 verbis

133 3084 277 3166 propriis,
295 3082 368 3147 alios
384 3082 413 3143 in
430 3081 608 3144 translatis:
629 3081 759 3164 vertique
767 3079 889 3164 somnae
902 3104 961 3166 non
974 3085 1116 3152 verbo-ae

135 3188 203 3231 rum
228 3171 330 3244 medo,
350 3168 404 3232 sed
420 3182 451 3230 at
466 3188 616 3243 rensuum,
637 3179 668 3229 et
694 3170 925 3250 compositionis.
972 3168 1079 3240 Quare

137 3252 206 3313 mihi
222 3254 360 3314 videntur
376 3273 503 3330 errasse,
520 3252 570 3335 qni
584 3274 644 3314 non
659 3252 734 3316 alios
749 3255 940 3318 crediderunt
958 3269 1075 3344 tropos,

136 3352 225 3483 qqnm
244 3336 398 3418 inquibus
417 3338 540 3400 verbum
563 3358 616 3419 pro
639 3339 734 3401 verbo
754 3356 923 3423 poneretur.
970 3340 1077 3425 Neque

137 3442 147 3482 r
169 3421 207 3483 nd
224 3420 338 3503 ignoro,
356 3420 384 3481 in
400 3418 506 3483 iisdem
520 3420 594 3498 sere,
612 3424 661 3506 qui
680 3424 863 3507 significandi
882 3427 975 3508 gratia
995 3428 1078 3490 adbi-

136 3504 253 3582 bcntnr,
271 3526 338 3568 esse
354 3518 384 3568 et
399 3520 554 3569 ornatum:
579 3510 634 3571 sed
653 3530 714 3570 nrm
729 3510 808 3571 idem
823 3512 944 3575 accidet
957 3528 1113 3593 commeo

137 3606 280 3675 eruntque
295 3591 415 3675 qnidam
430 3604 542 3655 tantum
557 3595 595 3657 ad
611 3594 746 3677 speciem
761 3598 991 3662 accommodati.
