2459 4200
158 290 225 353 206
450 300 487 345 rr.
507 300 602 345 rann
621 298 845 353 anrnrrnranr

158 472 189 521 et
213 453 365 521 sententiis
387 450 559 537 verbisque,
577 470 656 535 quae
677 464 746 515 anot
767 448 950 534 multiplicia,
965 450 1104 536 pisinus

158 541 328 609 dicendum.

202 626 278 690 Tria
299 638 397 689 autem
419 636 568 708 praestare
583 622 674 685 debet
696 620 923 705 pronrmciatio:
946 624 1100 701 cmciiiet,

153 713 347 797 persentient,
369 719 507 771 monem:
530 706 637 855 puibus
659 719 762 770 natura
783 706 939 782 cohaeret,
955 720 988 770 ut
1010 708 1102 771 etiam

157 798 290 861 delectet.
334 794 520 858 Concilione
548 814 599 855 ere
619 806 670 855 aut
688 791 950 855 commendatione
970 813 1127 871 mmmm

158 883 208 969 qui
224 883 327 947 neseio
342 880 495 965 quomodo
511 899 550 941 ex
566 898 645 939 voce
659 875 749 939 etiam
767 890 857 960 atque
872 876 1102 1023 actionppeiia·
1217 899 1218 914 ¹

159 982 239 1044 cent,
263 981 311 1030 aut
334 963 475 1029 orationis
498 963 641 1027 suavitate
663 974 806 1025 constat:
825 962 974 1045 pertende
1017 963 1030 1023 i
1053 963 1100 1027 vis

159 1052 366 1127 affirmatione,
376 1071 452 1135 quae
468 1048 583 1112 interim
599 1046 666 1131 pins
680 1046 754 1130 ipsis
768 1046 991 1130 probationibus
1005 1048 1096 1111 valet.

160 1134 213 1199 ein
235 1138 306 1215 isto,
323 1135 416 1220 inquit
436 1134 557 1199 Calidio
578 1131 703 1207 Cicero,
720 1132 748 1193 ri
766 1152 838 1193 ocra
858 1142 965 1209 mecm,
980 1133 1024 1195 aie
1040 1154 1061 1195 o
1074 1144 1101 1195 n

160 1221 364 1285 dicerentur?
387 1234 428 1297 et,
453 1220 584 1283 Tanton
605 1217 699 1295 nicet,
716 1225 749 1278 nt
766 1214 973 1299 inflammares
987 1229 1137 1283 nostrone

160 1308 278 1371 animos
294 1331 303 1369 :
326 1326 461 1371 romaum
472 1305 529 1367 isto
542 1305 606 1367 ioco
620 1302 672 1365 oie
685 1301 865 1365 tenebantur.
905 1300 1036 1367 Fiducia
1049 1304 1103 1387 igi·

161 1408 207 1455 tur
223 1408 377 1478 appareat,
394 1405 424 1453 et
445 1389 623 1465 constantia,
642 1388 742 1470 utique
761 1387 786 1449 si
808 1387 969 1451 auotoritas
987 1390 1100 1453 subest

160 1476 312 1540 Monendi
323 1490 421 1541 nutem
432 1475 507 1538 ratio
522 1488 572 1537 aut
587 1473 614 1535 in
631 1472 888 1557 repraesentandis
904 1487 961 1551 est,
972 1487 1022 1537 aut
1035 1474 1101 1536 imi·

160 1562 256 1623 tandis
272 1561 441 1623 affectibus.

203 1643 287 1728 Ergo
310 1663 380 1707 cum
397 1642 494 1728 judex
518 1643 545 1705 in
568 1641 702 1726 privatis,
720 1656 771 1705 ant
792 1659 906 1727 praeeo
927 1641 956 1705 in
974 1642 1139 1727 pnbiicisn
1181 1695 1185 1700 ,

162 1730 264 1795 disere
276 1730 314 1793 de
330 1748 419 1793 causa
430 1726 564 1813 jusserit,
575 1726 681 1789 leniter
695 1740 742 1789 est
756 1728 993 1811 consurgendum
1008 1750 1015 1789 ε
1039 1743 1102 1793 tum

162 1818 191 1881 in
207 1815 416 1901 componenda
439 1828 519 1899 toga,
536 1813 596 1891 vel,
614 1812 640 1877 si
662 1834 791 1876 necesse
813 1814 881 1892 erit,
897 1814 987 1877 etiam
1003 1835 1044 1877 ex
1057 1814 1102 1877 in·

162 1917 246 2001 tegre
274 1900 445 1985 injicienda,
464 1900 604 1963 duntaxat
626 1899 655 1961 in
673 1897 795 1983 judiciis
821 1897 915 1982 (apud
937 1898 1104 1984 principem

162 2008 241 2049 emm
263 2000 294 2047 et
317 1987 501 2067 magistratus
523 2004 560 2047 ac
584 1982 738 2046 tribunalia
758 2005 818 2047 non
838 1983 954 2068 licebit)
974 1985 1105 2069 paullum

162 2069 419 2146 commorandum,
437 2082 469 2131 nt
489 2082 519 2130 et
542 2068 668 2132 amictus
690 2068 728 2131 sit
743 2068 909 2146 decentior,
927 2085 957 2134 et
972 2071 1138 2170 pmtinoser

162 2154 271 2238 aliquid
288 2154 376 2239 spatii
393 2154 430 2218 ad
452 2153 653 2236 cogitandum.
700 2153 804 2217 Etiam
822 2176 893 2217 cum
913 2155 951 2219 ad
969 2157 1106 2241 judicem

162 2263 217 2305 nos
240 2240 487 2318 converterimus
505 2254 535 2303 et
557 2239 710 2304 consultus
732 2255 853 2324 pmetor
875 2238 1042 2324 permiserit
1060 2242 1104 2304 di·

163 2348 246 2404 cere,
263 2349 323 2390 non
347 2327 479 2412 protinus
503 2339 549 2389 est
572 2326 799 2410 erumpendum,
816 2326 871 2389 sed
887 2327 985 2392 danda
1005 2326 1106 2390 brevis

164 2411 337 2496 cogitationi
366 2433 460 2476 mora.
509 2410 588 2474 Mire
614 2411 693 2474 enim
716 2411 881 2474 auditurum
905 2411 1012 2475 dicturi
1034 2433 1106 2475 eura

164 2497 306 2575 delectat,
324 2511 354 2562 et
375 2497 472 2580 judex
499 2519 532 2560 se
559 2497 624 2579 ipse
649 2496 813 2580 componit.
860 2494 936 2560 Hoc
958 2497 1140 2582 praecipitas

165 2581 320 2646 Homerus
344 2580 444 2644 Ulixis
468 2580 621 2664 exemplo,
639 2602 725 2662 quem
746 2581 858 2644 etctism
879 2583 976 2644 cenna
994 2583 1029 2644 in
1047 2592 1106 2644 ten·

163 2686 229 2726 ram
252 2664 368 2745 deficis,
385 2666 562 2746 immotoque
585 2675 712 2746 sceptro,
730 2667 912 2750 prinsquam
934 2668 1023 2730 iliam
1045 2669 1107 2730 clo-

164 2747 301 2830 qnentinc
320 2748 485 2826 procellam
509 2745 684 2828 effunderet,
703 2749 785 2812 dioit.
835 2751 871 2812 ln
897 2752 954 2813 heo
981 2766 1107 2816 ouucta·

163 2831 244 2893 tione
255 2843 320 2892 sunt
334 2828 479 2912 quaedam
493 2851 551 2892 non
567 2831 756 2908 indecentes,
769 2847 799 2894 ut
814 2835 964 2915 appellant
978 2838 1110 2916 scenici,
1217 2859 1219 2876 ⁶

165 2933 278 2990 morae,
294 2929 383 2998 eaput
399 2913 542 2993 mulcere,
561 2932 679 2998 manum
695 2915 812 2993 intueri,
824 2914 981 3001 infringere
996 2920 1142 2986 anien-rr

163 3001 221 3077 los,
234 2999 372 3068 simulare
387 3013 537 3078 conatum,
550 3001 747 3086 suspiratione
762 3002 992 3066 sollicitudinem
1007 3003 1107 3087 interi,

165 3101 215 3150 aut
230 3087 310 3170 quod
326 3108 472 3170 quemque
488 3088 579 3171 magis
595 3087 705 3150 decet:
730 3108 826 3173 eaque
840 3088 961 3167 diutius,
972 3090 999 3153 ai
1011 3089 1108 3177 judex
1217 3120 1219 3159 ι

165 3171 295 3234 nondum
311 3171 442 3234 intendet
457 3173 595 3236 animum.
634 3206 637 3209 ,
1217 3176 1219 3179 ’

212 3253 315 3318 Status
332 3255 370 3318 sit
384 3269 495 3334 rectus,
512 3259 598 3341 aequi
615 3272 646 3321 et
661 3258 773 3322 didnoti
790 3260 920 3343 paullum
935 3261 1040 3344 pedes,
1057 3261 1107 3326 rei

167 3339 335 3422 procedens
358 3338 479 3401 minimo
503 3357 653 3408 momento
674 3344 816 3408 sinister:
840 3366 936 3428 genua
949 3337 1043 3424 recita,
1060 3347 1140 3410 sione
1217 3384 1218 3391 κ

166 3436 278 3498 tamen,
303 3435 334 3484 ut
359 3443 419 3484 non
445 3429 651 3492 extendantur.
699 3427 830 3492 Homeri
856 3431 985 3511 remissi,
1009 3431 1105 3496 vulne
1215 3424 1219 3445 ¹

168 3529 302 3586 sauctus,
314 3527 372 3570 non
388 3523 530 3587 maestus,
548 3533 605 3574 nce
620 3527 755 3598 stupens,
771 3537 828 3578 nec
843 3515 1019 3599 languidus:
1040 3516 1107 3582 bra·

169 3594 239 3659 chia
259 3616 277 3658 a
299 3593 392 3658 latere
414 3592 534 3656 modice
557 3613 695 3660 remota:
719 3620 821 3663 manns
846 3601 974 3681 sinistra,
990 3601 1106 3688 qmiem
1217 3664 1218 3685 2
