2459 4200
154 285 196 348 88
443 297 480 340 ar.
500 297 594 339 ranrr
613 293 836 347 cutnrrurrrrt

154 451 207 514 tim
222 447 300 510 fuit?
324 447 393 530 quid
416 469 474 509 non
491 447 571 510 cultu
586 444 732 508 nitescit?
755 466 809 506 cur
823 443 899 505 vites
915 447 1097 507 cocrcemus

154 532 268 596 manu?
292 553 345 593 cur
361 553 411 594 eas
427 532 581 595 fodimus?
604 532 695 593 rubos
711 530 788 592 arvis
804 528 970 590 excidimus
986 528 998 587 ?
1019 542 1098 591 terra

155 631 184 680 et
198 618 253 680 hos
266 632 406 700 generat:
428 616 676 680 mansuefacimus
692 614 826 677 animalia
844 613 855 672 ?
871 612 1012 674 indomita
1030 635 1097 675 nas·

154 716 269 764 cuntur.
318 702 435 765 Verum
450 699 480 764 id
496 716 541 764 est
552 701 693 763 ‘maxime
710 699 852 775 naturale,
870 698 951 780 quod
966 697 1030 759 lieri
1045 719 1097 760 na·

154 799 219 848 tura
234 787 346 871 optime
363 789 479 871 patitur.
1120 801 1136 842 ε

183 869 318 934 ¹Fortius
341 895 413 934 vero
431 873 512 956 quod
535 869 765 952 incompositum
788 878 887 951 potest
911 888 990 945 esse,
1007 887 1098 951 quam

154 957 286 1019 vinctum
310 971 339 1019 et
363 957 441 1020 bene
465 955 674 1020 collocatum?
718 953 825 1037 Neque
848 952 874 1014 si
897 953 979 1036 parvi
1001 953 1098 1035 pedes

154 1035 387 1104 vim'dctrahunt
407 1044 508 1119 rebus,
526 1056 557 1103 ut
580 1041 782 1105 Sotadeorum
801 1052 831 1100 et
847 1037 1096 1116 Galliamborum,

155 1138 185 1188 et
200 1128 385 1210 quorundam
401 1127 429 1189 in
445 1128 578 1190 oratione
594 1125 681 1188 simili
697 1146 792 1208 paene
808 1123 926 1185 licentia
941 1122 1098 1185 lascivien-

155 1211 239 1287 tium,
258 1205 483 1296 compositionis
506 1226 552 1274 est
570 1211 776 1296 judicandum.
824 1208 969 1270 Ceterum
988 1222 1098 1290 quanto
1107 1227 1137 1267 ru

155 1297 360 1359 vehementior
377 1298 527 1361 fluminum
544 1319 647 1360 cursus
664 1309 709 1358 est
727 1316 822 1378 prono
837 1293 934 1369 alveo,
952 1314 988 1355 ac
1004 1293 1098 1356 nullas

155 1401 255 1444 moras
272 1382 445 1466 objiciente,
458 1405 544 1466 quam
561 1383 636 1444 inter
651 1380 797 1442 obstantia
813 1400 884 1441 saxa
896 1377 997 1440 fractis
1014 1378 1098 1461 aquis

155 1485 190 1526 ac
207 1467 417 1529 reluctantibus
432 1488 440 1540 ;
464 1482 556 1541 tanto,
575 1488 650 1549 quae
666 1487 803 1526 connexa
823 1478 881 1539 est,
899 1477 929 1524 et
944 1463 1012 1526 totis
1028 1463 1098 1524 viri·

155 1547 209 1610 bus
227 1549 301 1626 fluit,
319 1550 435 1632 fragosa
460 1565 546 1634 atque
570 1551 731 1632 interrupta
754 1550 859 1611 melior
882 1549 987 1611 oratio.
1033 1547 1100 1611 Cur

155 1653 227 1714 ergo
243 1634 321 1696 vires
338 1635 417 1718 ipsas
434 1636 537 1718 specie
554 1635 629 1697 solvi
646 1648 759 1718 putent,
771 1635 889 1718 quando
905 1655 953 1696 res
968 1655 1026 1696 nec
1042 1634 1136 1697 ullaut

155 1716 218 1780 sine
235 1735 297 1781 arte
313 1721 383 1782 satis
400 1721 508 1798 valeat,
522 1735 551 1782 et
567 1721 726 1782 comitetur
742 1741 862 1802 semper
877 1734 968 1781 artem
981 1719 1099 1781 decor?

156 1801 208 1866 An
224 1825 283 1866 non
300 1828 378 1883 eam,
390 1828 466 1890 quae
483 1807 591 1868 emissa
607 1806 720 1889 optime
736 1819 794 1883 est,
808 1805 921 1867 hastam
937 1804 1098 1888 speciosis·

155 1887 230 1950 sime
246 1906 412 1954 contortam
429 1891 497 1953 ferri
509 1891 671 1954 videmus?
695 1905 724 1953 et
740 1913 810 1953 arcu
823 1889 1010 1972 dirigentium
1026 1889 1096 1968 tela,

154 1991 214 2055 quo
227 1975 337 2036 certior
352 1997 466 2053 manus,
479 1977 536 2038 hoc
554 1991 599 2038 est
611 1977 726 2038 habitus
743 1977 806 2058 ipse
818 1974 977 2037 formosior
991 1975 1002 2035 ?
1025 1973 1048 2036 J
1051 1996 1099 2037 am

154 2055 184 2118 in
197 2059 359 2122 certamine
375 2081 535 2138 armorum,
549 2077 637 2144 atque
654 2061 682 2122 in
698 2061 779 2123 omni
795 2061 953 2145 palaestra,
964 2060 1035 2144 quid
1050 2081 1134 2124 sam

153 2140 191 2204 tis
211 2158 294 2206 recte
315 2160 438 2208 cavetur
461 2168 495 2209 ac
521 2146 640 2231 petitur,
659 2147 706 2207 oui
729 2169 787 2209 nou
811 2146 916 2209 artifex
940 2162 1050 2224 motus,
1068 2162 1099 2210 et

154 2228 230 2290 certi
245 2230 366 2313 quidam
381 2231 475 2315 pedes
497 2232 614 2295 assint?
659 2231 763 2302 Quare
787 2232 857 2293 mihi
879 2232 1098 2315 compositione

152 2313 234 2377 velut
258 2317 384 2380 amentis
407 2318 582 2401 quibusdam
606 2318 743 2380 nervisve
766 2318 877 2380 intendi
900 2330 931 2379 et
953 2317 1122 2380 concitari

153 2401 317 2465 sententiae
333 2404 479 2466 videntur.
1107 2400 1115 2411 ’

198 2483 275 2548 Ideo
297 2487 496 2547 eruditissimo
519 2486 625 2566 cuique
649 2508 820 2566 persuasum
840 2503 896 2563 est,
914 2489 1014 2550 valere
1030 2508 1135 2550 carneo

153 2590 241 2653 quam
267 2570 438 2651 plurimum,
456 2590 513 2629 non
541 2570 578 2629 ad
603 2568 834 2631 delectationem
861 2573 964 2649 modo,
982 2574 1036 2635 sed
1059 2574 1097 2635 ad

152 2665 267 2714 motum
291 2673 409 2735 quoque
435 2652 622 2713 animorum:
647 2653 784 2736 primum,
803 2656 871 2739 quia
894 2656 965 2719 nihil
988 2658 1096 2721 intrare

152 2749 254 2819 potest
269 2738 298 2797 in
314 2736 452 2815 affectus,
464 2739 543 2820 quod
561 2738 588 2799 iu
605 2760 688 2817 aure,
699 2741 780 2803 velut
792 2744 922 2825 quodam
934 2743 1096 2819 vestibulo,

152 2820 253 2883 statim
268 2821 411 2898 offendit3
429 2823 548 2901 deinde,
560 2826 640 2907 quod
657 2840 759 2888 natura
773 2828 908 2888 ducimur
923 2828 959 2888 ad
975 2828 1096 2891 modos.

152 2904 261 2989 Neque
288 2906 369 2970 enim
391 2908 474 2971 aliter
497 2911 641 2986 eveniret,
660 2925 690 2971 ut
713 2911 751 2971 illi
776 2932 894 2993 quoque
917 2931 1136 2992 organorumsu
1225 2963 1226 2998 ἢ

152 2992 229 3068 soni,
251 3015 418 3077 quanquam
440 2995 530 3058 verba
556 3018 614 3057 non
642 2995 821 3077 exprimunt,
846 2996 875 3056 in
901 2995 974 3056 alios
997 3008 1099 3061 tamen

152 3090 240 3161 atque
263 3080 336 3143 alios
360 3096 458 3144 motus
482 3082 626 3144 ducerent
648 3080 823 3143 auditorem.
871 3080 906 3143 In
930 3081 1098 3144 certamini·

151 3162 207 3225 bus
228 3166 320 3229 sacris
339 3188 398 3228 non
422 3168 526 3229 eadem
550 3168 664 3229 ratione
685 3166 837 3229 concitant
858 3167 972 3228 animos
993 3188 1028 3228 ac
1049 3189 1097 3230 re·

152 3246 293 3322 mittunt3
316 3271 376 3309 non
400 3252 523 3312 eosdem
549 3254 655 3315 modos
677 3252 829 3329 adhibent,
854 3273 923 3316 curn
955 3250 1096 3315 bellicum
1224 3307 1225 3318 ,

152 3341 199 3390 est
222 3332 400 3407 canendum,
420 3348 449 3395 et
473 3355 542 3395 cum
563 3337 664 3418 posito
682 3359 759 3419 genu
780 3338 1007 3419 supplicandum
1025 3351 1070 3400 est
1087 3359 1134 3403 :aa
1224 3373 1225 3390 κ

151 3433 209 3475 nec
225 3413 305 3476 idem
327 3416 478 3497 signorum
500 3436 665 3484 concentus
687 3437 733 3484 est
754 3422 937 3503 procedente
954 3423 990 3484 ad
1008 3444 1097 3505 proe-

151 3498 223 3562 lium
239 3499 385 3575 exercitu,
397 3501 477 3563 idern
493 3506 628 3588 receptui
644 3528 775 3569 carmen.
802 3504 1001 3588 Pythagoreis
1013 3521 1097 3571 certe

151 3586 243 3663 moris
267 3584 332 3664 fuit,
351 3600 391 3665 et,
409 3609 477 3651 curn
503 3590 702 3673 evigilassem,
720 3590 834 3653 animos
850 3592 888 3653 ad
903 3592 997 3675 lyram
1012 3593 1098 3655 exci-
