2459 4200
157 230 218 291 178
443 241 481 285 ιι.
502 241 597 285 mnu
616 240 839 295 autumentur

197 394 312 459 Verum
326 406 358 457 et
372 392 402 455 in
417 391 465 469 iis,
476 412 552 477 quae
568 390 753 490 scripsimus,
766 391 1005 475 complectendis
1019 394 1097 457 mul·

153 494 214 543 turn
229 478 340 557 valent,
357 493 388 541 et
402 477 432 541 in
447 477 495 556 iis,
512 499 586 562 quac
601 477 779 575 cogitamus,
795 477 981 541 continendis
997 501 1098 563 prope

153 564 235 629 solae
261 563 418 647 (excepta,
441 584 516 663 quae
547 562 754 647 potentissima
778 577 835 641 est,
860 563 1090 648 exercitatione)

62 723 65 737 Ι
153 649 263 713 divisio
278 664 309 713 et
323 648 506 731 compositio.

98 808 104 825 ἱ
197 734 277 799 Nam
299 735 349 819 qui
371 747 454 797 recte
478 733 622 811 diviserit,
638 754 787 831 nmquam
812 732 923 816 poterit
944 733 974 796 in
995 756 1120 797 rernms

154 820 257 884 ordine
272 841 381 883 errare
428 818 522 882 Certa
537 834 604 883 sunt
622 819 702 881 enim
720 839 781 881 non
801 818 921 881 solum
913 840 942 880 m
958 819 1097 902 digeren-

155 906 201 969 dis
222 904 454 1004 quaestionibus,
477 906 531 967 sed
557 904 647 967 etiam
673 904 704 965 in
726 904 1096 986 exsequendis,'s1modo

155 1004 237 1055 recte
253 989 391 1067 dicimus,
410 989 504 1073 prima
526 1010 562 1052 ac
585 988 729 1063 secunda,
746 1003 777 1051 ct
792 988 960 1072 deinceps.
982 990 1095 1053 cohae-

155 1091 257 1159 retque
272 1075 368 1138 omnis
383 1096 483 1137 rerum
498 1074 663 1158 copulatio,
680 1089 712 1136 ut
726 1095 754 1137 er
746 1073 839 1136 nihil
852 1095 948 1171 neque
963 1075 1097 1138 subtrahi

63 1226 68 1247 ι
155 1161 218 1225 sine
234 1158 389 1223 manifesto
404 1160 567 1235 intellectu,
585 1180 681 1242 neque
696 1159 786 1221 inseri
801 1160 905 1242 possit
954 1158 1008 1221 An
1022 1182 1132 1224 veroro

159 1244 335 1311 Scaevola'
328 1269 357 1308 m
377 1246 442 1309 lusu
459 1244 619 1309 duodecim
641 1245 830 1342 scriptorum,
848 1266 917 1306 cum
939 1245 1020 1327 prior
1035 1246 1096 1309 cal·

156 1333 256 1395 culum
287 1332 497 1415 promovisset,
520 1345 659 1413 essetque
681 1330 788 1405 victus,
812 1330 882 1392 dum
908 1352 958 1392 rus
989 1333 1101 1409 tendit,

156 1417 284 1499 repetito
305 1416 393 1479 totius
415 1416 582 1479 certaminis
603 1415 719 1491 ordine,
736 1436 796 1497 quo
811 1416 882 1477 dato
902 1424 1029 1478 errasset
1046 1439 1096 1480 re-

156 1502 307 1575 cordatus,
325 1500 412 1562 rediit
433 1500 472 1563 ad
494 1522 574 1576 eum,
592 1500 713 1583 quicum
730 1501 851 1576 luserat,
869 1500 954 1583 isque
974 1500 1015 1563 ita
1032 1500 1095 1565 lac-

156 1597 218 1647 tum
240 1605 307 1647 esse
330 1581 486 1647 consessus
509 1598 578 1647 est:
602 1584 698 1647 nrinus
725 1584 805 1650 idem
835 1586 910 1647 ordo
933 1585 1044 1652 valebit
1066 1587 1133 1651 inrs

156 1669 301 1748 oratione,
326 1668 500 1753 praesertim
526 1683 603 1732 totus
630 1684 732 1732 nostro
762 1670 883 1732 arbitrio
905 1672 1093 1750 constitutus,

157 1777 226 1819 cum
241 1769 354 1819 tantum
369 1754 417 1817 ille
433 1755 527 1818 valeat
542 1754 669 1817 alternus
684 1753 696 1815 ἓ

199 1840 302 1905 Etiam
321 1862 397 1923 quae
419 1842 496 1905 bene
519 1840 687 1924 composita
709 1855 805 1919 crunt,
821 1841 997 1903 memoriam
1018 1842 1097 1905 serie

156 1946 209 1988 sus
224 1927 344 1988 ducent
391 1925 469 1987 Nam
486 1926 561 1989 sicut
576 1924 691 1989 facilius
707 1948 809 1989 versus
824 1925 997 2002 ediscimus,
1008 1947 1098 2009 quarn

177 2025 275 2070 rosam
297 2009 485 2071 orationem:
508 2010 549 2072 ita
573 2031 681 2092 prosae
703 2010 814 2087 vincta,
830 2032 921 2094 quam
941 2012 1093 2074 dissoluta
1102 2038 1131 2077 so

156 2030 214 2158 hio
231 2093 385 2176 contingit,
401 2108 433 2157 ut
451 2094 539 2158 ctiam
554 2117 630 2178 qnae
651 2117 691 2157 ex
711 2109 846 2180 tempore
863 2096 1038 2160 videbantur
1052 2096 1097 2159 el·

156 2177 232 2257 lusa,
245 2180 282 2244 ad
297 2180 420 2244 verbum
436 2181 561 2266 repetita
576 2181 759 2244 reddantur:
783 2182 863 2265 quod
878 2203 965 2244 meae
976 2203 1097 2279 quoque

157 2265 321 2328 memoriae
348 2266 585 2330 mediocritatem
611 2267 843 2350 sequebatur,
820 2289 845 2330 ει
868 2268 1015 2349 quando'
1008 2282 1098 2329 mter·

156 2366 262 2414 ventus
279 2351 454 2435 aliquorum,
467 2374 515 2435 qur
508 2353 607 2414 hunc
624 2351 768 2414 honorem
783 2366 978 2425 mererentur,
989 2351 1098 2414 iterare

157 2435 381 2500 declamationis
385 2451 515 2532 partem
535 2436 710 2518 coegisset:
734 2459 791 2499 nec
812 2451 858 2499 est
879 2437 1036 2500 mendacio
1051 2437 1097 2498 lo·
1084 2462 1131 2502 -as

157 2541 222 2596 cus,
241 2519 327 2583 salvis
344 2518 1073 2602 qutinterluerunt.1

164 2603 315 2684 Siquis
328 2618 426 2664 tamen
442 2624 528 2664 unam
544 2603 761 2687 maximamque
776 2626 793 2667 a
809 2627 858 2666 me
873 2620 967 2668 artem
982 2627 1097 2668 memo·

157 2686 217 2747 riae
236 2700 366 2766 quaerat,
385 2687 556 2748 exercitatio
579 2701 626 2748 est
647 2702 677 2748 et
700 2689 809 2750 labor:
832 2691 922 2752 multa
945 2691 1098 2767 ediscere,

156 2770 247 2832 multa
273 2768 418 2850 cogitare,
435 2781 475 2845 et,
499 2770 523 2831 si
545 2769 607 2831 fieri
632 2783 741 2851 potest,
759 2772 903 2855 quotidie,
927 2775 1100 2853 potentissi-

1214 286 1219 586 l

1215 1409 1219 1438 l

156 2875 236 2916 mum
252 2867 308 2916 est
356 2852 435 2915 Nihil
457 2874 551 2936 aeque
571 2854 620 2915 vel
640 2870 762 2952 augetur
784 2876 867 2931 cura,
884 2856 1100 2939 velnegligen-
1087 2882 1131 2925 -ιι
1217 2948 1218 2955 ¹

156 2939 195 3003 tia
211 2938 370 3003 intercidit.
411 2937 515 3010 Quare
531 2953 561 3002 et
577 2938 659 3022 pueri
675 2940 784 3016 statim,
796 2954 828 3002 ut
843 2941 996 3024 praecepi,
1007 2963 1101 3024 quam

157 3026 280 3111 plurima
304 3026 451 3102 ediscant,
460 3038 509 3124 ιι,
527 3046 721 3124 quaecunque
743 3040 824 3088 aetas
847 3048 969 3110 operam
989 3025 1099 3110 juvan-

157 3113 213 3176 dae
229 3113 327 3176 studio
344 3111 505 3175 memoriae
521 3109 612 3187 dabit,
631 3111 784 3174 devoret
776 3111 859 3174 mitio
879 3112 1010 3176 taedium
1026 3112 1099 3178 illud

158 3210 188 3257 et
203 3198 312 3279 scripta
332 3213 362 3259 et
382 3199 466 3260 lecta
481 3197 599 3280 saepius
622 3197 808 3274 revolvendi,
826 3212 856 3260 et
871 3219 954 3281 quasi
945 3197 1125 3261 eundem

157 3279 258 3341 cibum
273 3281 478 3343 remandendi

200 3362 318 3433 Quod
312 3385 409 3444 1psum
423 3365 482 3426 hoc
494 3366 558 3428 fieri
574 3379 673 3449 potest
687 3367 828 3444 levius,
804 3390 830 3430 sr
846 3389 941 3450 pauca
958 3367 1095 3450 primum,

158 3462 188 3514 et
203 3469 277 3546 quae
294 3447 395 3510 odium
413 3471 472 3510 non
493 3451 628 3528 afferant,
645 3452 834 3534 coeperimus
851 3453 1012 3515 ediscere:
1035 3467 1098 3514 tum

155 3533 290 3618 qnotidie
306 3531 438 3618 adjicere
454 3533 583 3616 singulos
596 3557 712 3614 versus,
723 3557 849 3619 quorum
863 3537 1001 3604 accessio
1015 3537 1098 3602 labo·
