2459 4200
181 277 247 342 Μ
463 289 501 338 Ι.
522 289 619 338 mn
635 287 864 346 manaturum

432 471 499 484 --
511 445 590 496 Fanni
601 453 722 509 namus
732 445 862 496 machaat-
929 424 932 431 ¹

179 529 263 630 Ergp
278 549 368 614 quem
383 530 412 592 in
429 534 570 614 poemate
586 531 689 593 locum
703 531 793 593 habet
807 529 998 607 versificatio,
1010 551 1079 594 oum
1093 532 1127 594 io

178 631 313 680 orations
328 615 533 700 compositior

221 699 347 788 Optimo
363 717 461 766 autem
477 703 516 765 de
531 701 579 764 illa
601 700 732 764 ‘udicant
745 721 845 777 aures,
861 721 939 784 quae
953 701 1042 784 plena
1055 721 1126 764 seu·

177 786 265 866 titrnt,
282 803 314 851 et
329 809 433 872 parum
449 788 570 872 expleta
585 722 767 862 desiderant,
782 801 813 849 et
827 785 953 869 fragosis
968 787 1147 849 offendas-s

178 885 237 950 tur,
255 887 285 937 et
299 871 415 937 levibus
431 874 609 950 mulcentur,
622 887 654 935 et
668 873 813 936 contortis
828 872 1006 948 excitantur,
1021 887 1052 934 ct
1066 888 1125 936 sta·

180 957 248 1021 bilia
265 959 403 1042 probant,
414 960 519 1022 chuda
532 958 770 1043 deprehendunt,
782 957 973 1020 redundantia
985 979 1022 1019 ac
1035 957 1128 1020 nimia

177 1040 340 1106 fastidiunt.
390 1044 524 1128 Ideoque
540 1043 624 1106 docti
639 1043 785 1106 rationem
799 1043 1001 1126 componendi
1016 1042 1126 1104 intelli·

178 1141 261 1211 gunt,
279 1130 369 1192 etiam
385 1130 498 1192 indocti
514 1130 708 1214 voluptatem.

222 1213 383 1285 Quaedam
395 1236 468 1278 vero
484 1216 559 1278 tradi
575 1229 638 1276 artc
652 1235 712 1276 non
728 1227 862 1298 possunt.
902 1210 1066 1276 Mutandus
1078 1227 1158 1276 estu

178 1319 279 1378 casus,
296 1301 321 1364 si
338 1302 438 1364 durius
454 1301 490 1378 is,
508 1321 569 1384 quo
589 1319 799 1384 coeperamus,
817 1297 937 1360 seratur.
984 1297 1078 1375 Num,
1097 1299 1127 1362 iu

179 1405 269 1468 quem
293 1400 473 1450 transeamus
489 1407 528 1449 cx
544 1407 615 1468 quo,
634 1384 767 1468 praecipi
783 1397 882 1468 potest
898 1383 911 1444 ?
955 1381 1066 1466 Figura
1082 1384 1126 1447 la·

179 1470 295 1531 borauti
326 1471 535 1554 compositioni
561 1471 671 1533 variata
701 1491 793 1553 saepe
816 1468 973 1532 succurrit.
1019 1467 1124 1548 Quae,

178 1573 248 1616 cum
263 1555 416 1630 orationis,
436 1555 600 1617 tumetium
620 1555 784 1616 sententiae
802 1555 834 1615 θ’
858 1554 939 1617 Num
955 1555 1126 1639 praescrip·

179 1651 239 1700 tum
256 1637 321 1723 ejus
338 1639 380 1701 rei
397 1639 486 1701 ullum
499 1655 544 1702 est
561 1639 573 1700 ?
611 1638 832 1702 Occasionibus
844 1641 998 1716 utendum,
1012 1653 1042 1702 et
1053 1657 1157 1702 cumas

178 1743 212 1786 re
227 1724 374 1807 praesenti
390 1725 623 1788 deliberandum.
663 1724 829 1788 Enimvero
847 1725 942 1810 spatia
957 1725 1034 1808 ipsa,
1046 1747 1126 1808 quae

178 1808 207 1870 in
223 1810 280 1873 hac
292 1811 413 1893 quidem
429 1827 512 1894 parte
528 1811 685 1894 plurimum
700 1811 811 1888 valent,
822 1811 903 1893 quod
920 1824 1055 1894 possunt,
1066 1811 1126 1875 nisi

177 1894 303 1972 aurium,
321 1897 431 1959 habere
442 1896 590 1980 judicium
607 1896 620 1957 ?
664 1896 730 1960 Cur
747 1897 802 1960 alia
819 1895 1008 1981 paucioribus
1024 1897 1127 1960 verbis
1219 1920 1220 1973 p

178 1979 249 2042 satis
273 1980 372 2062 plena,
389 1982 438 2044 vel
460 1982 593 2056 nimium,
612 1982 668 2044 alia
692 1981 823 2065 pluribus
842 1981 944 2044 brevia
960 1995 991 2043 et
1005 1982 1124 2046 abscisa
1219 1978 1220 2035 l

178 2063 273 2127 sunt?
319 2065 384 2129 Cur
410 2065 438 2128 in
463 2066 781 2144 circumductionibus,
799 2067 889 2131 etiam
918 2087 989 2129 cum
1017 2084 1155 2132 sensusar
1219 2058 1220 2079 ¹

178 2149 276 2213 finitus
291 2165 348 2229 est,
366 2152 474 2235 aliquid
491 2167 588 2215 tamen
604 2153 664 2215 loci
680 2174 789 2217 vacare
805 2153 966 2215 videatur?
1010 2154 1126 2217 Nemi·
1218 2171 1219 2176 ’

178 2256 245 2298 nam
259 2247 387 2301 vestrum
402 2239 546 2321 ignorare
562 2240 707 2316 arbitror,
719 2240 852 2323 judicer,
870 2240 949 2301 duos
964 2258 1022 2320 per
1036 2240 1125 2301 hosce

178 2321 244 2385 dire
257 2342 422 2387 aerumnam
436 2325 535 2409 vulgi,
553 2336 641 2408 atquc
657 2326 735 2388 hanc
751 2326 923 2409 opinionem
934 2325 1044 2406 populi
1061 2325 1125 2387 Ro·
1217 2311 1220 2428 Ι

178 2410 262 2472 moui
279 2408 390 2492 suiuus
437 2411 503 2474 Cur
531 2412 616 2473 hosce
646 2412 863 2495 potiusquam
887 2409 971 2473 hos?
1014 2409 1126 2494 Neque
1217 2451 1218 2454 =

178 2494 257 2556 enirn
280 2510 343 2558 erat
366 2516 514 2577 asperum.
562 2496 726 2558 Rationem
750 2496 877 2559 sortasse
899 2518 959 2558 non
983 2496 1155 2570 reddam!
1217 2469 1218 2560 d

177 2578 303 2639 sentiam
318 2600 387 2640 esse
403 2579 518 2640 melius.
554 2579 621 2641 Cur
635 2601 694 2640 non
710 2581 780 2641 satis
796 2582 845 2657 sit,
857 2601 1020 2643 sermonem
1033 2581 1125 2665 vulgi

174 2658 306 2743 subsc?
343 2662 535 2745 Compositio
551 2663 629 2724 enim
647 2664 820 2745 patiebatur.
870 2665 1043 2748 Ignorab03
1066 2666 1124 2729 sed

177 2756 208 2807 ut
223 2744 312 2806 audio
328 2746 399 2821 hoc,
417 2748 531 2810 animus
555 2748 667 2829 accipit
689 2749 808 2829 pienum
828 2750 892 2812 sine
912 2752 969 2813 hac
990 2752 1125 2833 gemina·
1216 2779 1217 2828 3

176 2828 258 2890 tione
273 2850 331 2891 non
348 2850 426 2892 esse.
468 2832 520 2893 Ad
536 2852 655 2893 sensum
672 2832 757 2915 igitur
771 2834 926 2896 reserenda
941 2851 1017 2896 sunt.
1058 2836 1124 2899 Ne·
1211 2858 1217 2882 ⁴

176 2929 269 2998 queas
284 2914 354 2977 satis
370 2913 459 2993 sorte,
477 2917 547 3000 quid
565 2937 716 2994 severum,
733 2918 803 3000 quid
822 2918 988 3003 jucundum
1010 2919 1060 2996 sit,
1078 2922 1151 2983 inm

176 2999 308 3083 talligore
324 3020 332 3063 ε
355 2999 447 3065 sacius
459 3003 579 3086 quidem
592 3015 693 3065 natura
705 3003 784 3065 duce
799 3002 916 3081 meiius,
928 3023 1017 3086 quam
1032 3020 1099 3068 arte
1112 3025 1121 3065 ε

176 3088 232 3152 red
248 3102 368 3151 naturae
385 3088 441 3173 ipsi
457 3109 504 3152 ars
520 3088 614 3150 inerit.

219 3170 298 3237 Illud
322 3196 441 3257 prorsus
461 3174 599 3251 oratoris,
615 3174 694 3237 scire
710 3172 894 3257 ubiquaque
910 3194 1020 3257 genero
1035 3194 1119 3236 com·

175 3256 332 3338 positionis
348 3259 386 3320 sit
400 3260 552 3321 utendum.
600 3258 648 3321 Ea
663 3259 775 3342 duplex
793 3260 966 3323 observatio
982 3279 990 3319 ε
1015 3260 1117 3335 altera,

175 3354 253 3423 quae
275 3342 314 3401 ad
345 3342 438 3422 pedes
461 3343 609 3418 refertum
633 3344 737 3421 altera,
754 3366 833 3428 quac
854 3344 893 3406 ad
922 3345 1149 3428 comprobent

176 3423 288 3501 sionna,
306 3443 382 3506 quae
398 3426 564 3489 efficiuntur
579 3448 619 3489 ea
637 3429 773 3511 pedibus.
1015 3492 1023 3506 ,

221 3506 273 3572 Ac
289 3509 327 3573 de
344 3508 389 3571 his
405 3510 496 3592 prius.
544 3511 690 3578 Diximus
707 3513 793 3597 igitur
810 3534 880 3577 esse
896 3513 1008 3592 incisa,
1028 3532 1117 3577 m
1211 3429 1217 3672 Ι

176 3593 244 3673 bro,
262 3594 418 3659 circuitus.
