2459 4200
471 265 507 308 ll·
529 265 627 314 stou
644 264 869 318 Qvtttrtoltrtr

548 603 690 666 CAPUT
703 603 743 662 X.

428 789 430 794 ’
507 787 555 826 nt:
580 785 779 826 Exottnto.

219 925 322 998 Quen
336 925 527 1008 principium
549 923 659 988 Latine
679 923 729 987 vel
749 921 905 984 exordium
920 919 1043 1000 dicitur,
1060 943 1123 985 mo·

170 1010 240 1097 jore
251 1011 380 1096 quadam
391 1011 505 1074 ratione
518 1009 633 1072 Graeci
645 1009 781 1071 videntur
793 1011 920 1083 πςωῖμων
931 1007 1121 1072 nominasset

175 1097 243 1180 quia
259 1119 276 1158 a
291 1095 398 1160 nostris
414 1095 528 1159 initium
549 1095 641 1156 modo
662 1093 863 1176 significatur3
886 1093 926 1156 illi
949 1093 1024 1156 satis
1041 1093 1122 1157 clare

175 1195 291 1265 partem
307 1182 383 1244 hanc
400 1202 467 1244 esse
487 1195 554 1243 ante
575 1179 740 1262 ingressum
754 1179 810 1256 rei,
828 1181 866 1240 de
882 1198 940 1261 qna
955 1177 1121 1241 dicendum

174 1266 223 1341 sit,
242 1267 411 1330 ostendunt.
459 1265 549 1343 Nam,
567 1264 630 1327 sive
648 1280 820 1348 propterea,
838 1264 919 1346 quod
934 1269 997 1338 οϊμη
1013 1273 1141 1326 conluto
1205 1258 1206 1335 J

175 1365 232 1427 est,
251 1365 282 1414 et
297 1351 462 1414 citharoedi
481 1372 578 1435 pauca
594 1350 653 1426 illa,
670 1371 757 1432 quae,
774 1363 931 1431 antequam
952 1347 1122 1430 legitimum
1205 1398 1206 1407 ,

175 1448 327 1496 certamen
363 1436 518 1511 inchoent,
551 1434 703 1495 emerendi
733 1432 842 1496 favoris
871 1432 962 1515 gratia
992 1447 1118 1510 canunt,

172 1519 360 1600 prooemium
397 1519 702 1601 cognominaverunt:
737 1533 872 1580 oratores
908 1537 1030 1600 quoque
1068 1536 1119 1593 ea,
1205 1520 1206 1597 3

175 1622 265 1686 quae,
290 1603 460 1686 priusquam
483 1624 602 1664 causam
626 1602 828 1680 exordiantur,
849 1603 888 1665 ad
911 1600 1119 1664 conciliandos
1205 1606 1206 1641 ἒ

175 1687 232 1750 sibi
250 1686 386 1772 judicum
402 1687 515 1750 animos
536 1687 782 1770 praeloquuntur,
794 1688 902 1750 eadem
916 1687 1149 1769 appellationem

175 1771 347 1856 signarunt:
372 1772 447 1850 sive,
465 1773 545 1856 quod
565 1777 638 1849 οἴμοι
659 1771 749 1834 iidem
772 1771 885 1834 Graeci
907 1772 991 1834 uiam
1014 1771 1118 1856 appel·

174 1857 248 1934 lant,
266 1857 296 1920 id
311 1858 391 1941 quod
415 1872 483 1934 ante
505 1857 671 1941 ingressum
688 1855 732 1919 rei
753 1856 869 1940 ponitur
885 1855 928 1918 sic
944 1877 1058 1920 vocare
1072 1869 1118 1920 est

175 1940 360 2004 institutum:
384 1957 467 2004 certe
478 1944 667 2024 prooemium
689 1955 747 2018 est,
764 1942 844 2024 quod
867 1941 947 2023 apud
964 1939 1116 2024 judicem,
1205 1960 1206 2017 t

174 2025 347 2111 priusquam
386 2047 507 2090 eausam
538 2025 725 2110 cognoverit,
750 2025 864 2110 prosit:
887 2025 1059 2112 vitioseque
1088 2026 1118 2087 in
1205 2036 1206 2087 ἲ

175 2111 287 2175 scholis
303 2110 440 2191 facimus,
458 2113 538 2195 quod
557 2112 683 2175 exordio
701 2112 884 2195 semper,sic
898 2111 1023 2190 utimur,
1036 2109 1151 2197 quasin

175 2216 296 2261 oausam
315 2196 412 2283 judex
429 2196 494 2282 jatn
516 2198 642 2260 noverit.
689 2196 786 2282 Cujus
806 2197 849 2259 rei
867 2196 985 2259 lieentia
1000 2219 1047 2260 ex
1061 2198 1119 2259 hoc

176 2294 232 2361 est,
250 2284 331 2367 quod
353 2296 419 2346 ante
435 2282 684 2347 declamationem
702 2282 750 2346 illa
772 2283 855 2345 velut
873 2282 970 2366 imago
985 2282 1050 2347 litis
1065 2303 1118 2346 ex·

173 2367 303 2450 ponitur.
353 2368 419 2434 Sed
434 2369 463 2432 in
479 2368 544 2432 loro
560 2390 678 2452 quoque
694 2368 865 2451 contingere
881 2368 959 2453 istud
974 2366 1117 2451 principi·
1205 2367 1206 2444 l

175 2472 260 2515 orum
275 2475 367 2535 genus
384 2455 522 2515 secundis
543 2453 708 2515 actionibus
730 2466 851 2533 potest3
874 2452 977 2533 primis
992 2454 1115 2533 quidem
1205 2447 1206 2522 l

172 2555 241 2599 raro
257 2556 397 2619 unquam,
414 2536 470 2597 nisi
486 2534 561 2596 sorte
577 2536 655 2616 apud
678 2556 758 2610 eum,
775 2535 824 2595 oui
843 2555 891 2596 res
911 2534 1031 2598 aliunde
1050 2538 1145 2623 jamna
1205 2531 1206 2552 ¹

173 2632 242 2683 nota
261 2618 310 2695 sit,
328 2617 464 2681 dicimus.

216 2700 319 2766 Causa
341 2702 477 2787 principii
504 2703 580 2766 nulla
603 2716 649 2765 est
670 2703 738 2781 alia,
762 2724 851 2787 quam
881 2718 913 2767 ut
934 2706 1113 2785 auditorem,

173 2809 232 2873 quo
248 2788 287 2851 sit
301 2788 387 2851 nobis
406 2788 435 2849 in
456 2788 563 2851 ceteris
587 2788 719 2872 partibus
742 2790 1113 2875 accommodatior,'prae·
1205 2781 1206 2818 ¹

172 2894 322 2957 paremus.
370 2871 409 2935 Id
423 2873 486 2936 fieri
503 2872 594 2937 tribus
610 2874 740 2937 maxime
760 2875 861 2952 rebus,
878 2876 954 2938 inter
974 2890 1113 2939 auctores

171 2956 315 3045 plurimos
331 2972 459 3037 constat,
478 2959 502 3022 si
519 2959 701 3037 benevolum,
715 2969 870 3037 cuculum,
887 2962 1015 3023 docilem
1029 2960 1146 3022 fece-so

139 3074 141 3079 ·
171 3044 285 3109 rimus:
309 3066 368 3107 non
384 3045 452 3129 quia
475 3044 530 3109 ista
550 3068 608 3108 non
629 3066 684 3129 per
699 3060 792 3107 totam
806 3046 956 3109 actionem
971 3044 1027 3107 sint
1042 3065 1112 3107 ous-
1205 3037 1206 3116 l

171 3129 324 3210 todienda,
352 3132 421 3213 sed,
437 3131 504 3217 quia
533 3130 622 3195 initiis
653 3131 814 3215 praecipue
844 3130 1026 3207 necessaria,
1057 3151 1113 3214 per

173 3232 248 3296 quae
270 3215 299 3274 in
321 3217 451 3279 animum
469 3217 592 3301 judicis,
609 3231 641 3280 ut
662 3218 830 3305 procedere
853 3216 927 3280 ultra
948 3215 1111 3301 possimus,
1205 3255 1206 3262 κ

172 3296 364 3360 admittimur.

215 3381 464 3445 Benevolectt‘om
487 3400 537 3447 aut
559 3406 575 3447 a
598 3387 733 3469 personis
749 3386 898 3462 ducimus,
915 3399 964 3446 aut
980 3407 997 3448 a
1012 3384 1142 3450 causisoo

172 3466 347 3552 accipimus.
397 3466 462 3532 Sed
481 3490 681 3552 personarum
695 3483 818 3533 nonest
836 3470 882 3551 (ut
896 3470 1029 3554 plerique
1044 3493 1111 3535 cre·
1205 3551 1206 3554 Ἴ

172 3552 321 3636 diderunt)
341 3553 450 3637 triplex
465 3570 576 3619 tantum
592 3555 679 3636 ratio,
696 3577 731 3619 oo
747 3556 912 3638 litigatore,
929 3566 956 3618 ot
970 3557 1110 3639 advertus

171 3639 231 3718 rio,
248 3648 276 3703 et
284 3638 401 3725 judice.
