2459 4200
189 274 251 337 190
473 290 510 333 at.
531 290 626 333 rnen
644 288 866 342 oorrtrtntrrtr

183 456 241 519 tus,
258 461 317 503 non
332 454 431 503 tamen
446 441 549 503 firmae
564 440 747 517 intentionis,
761 440 890 523 ideoque
905 441 1048 505 tremulus
1064 464 1072 503 :
1096 456 1128 506 nt

182 546 320 609 corpora,
333 545 409 609 quae
425 538 549 609 aspectu
565 524 688 609 integra,
700 524 798 588 nervis
813 547 917 609 parum
934 526 1124 589 sustinentur.

182 610 220 675 Id
235 618 357 695 βρόγχον
375 610 489 675 Graeci
504 625 625 673 vocant.
667 609 744 675 Sunt
759 610 808 695 qui
824 610 960 694 spiritum
975 633 1043 673 cum
1057 612 1127 675 stri·

181 697 256 761 dorc
272 720 326 783 per
336 696 485 761 raritatem
497 696 631 759 dentium
642 717 701 759 noo
716 696 873 779 recipiunt,
888 696 943 759 sed
955 698 1122 760 resorbent.

185 782 263 848 Sunt
278 784 327 869 qui
349 782 456 847 crebro
478 780 618 859 anhelitu,
637 795 668 844 et
688 781 848 845 introrsum
868 781 959 843 etiam
979 782 1060 845 clare
1077 804 1148 845 so-s

181 884 280 947 nante,
294 869 441 933 imitentur
451 866 588 952 jumenta
602 888 694 930 onere
709 881 740 930 et
745 865 821 965 jugo
832 866 1004 930 laborantia.
1031 867 1126 938 Quod

181 955 322 1019 affectant
340 974 470 1039 quoque,
489 966 627 1037 tanquam
647 952 823 1015 inventionis
844 952 933 1036 copia
954 967 1123 1035 urgeantur,

181 1039 334 1125 majorque
349 1040 395 1103 vis
411 1038 598 1123 eloquentiae
614 1036 740 1121 ingruat,
753 1059 843 1121 qoam
854 1059 934 1123 quae
950 1038 1042 1100 emitti
1058 1038 1124 1101 fau·

181 1124 265 1188 cibus
281 1125 386 1209 possit.
659 1180 667 1187 .

224 1209 283 1275 Est
299 1210 363 1274 aliis
379 1230 542 1273 concursus
558 1208 631 1287 oris,
649 1223 763 1271 etcum
777 1208 877 1271 verbis
898 1207 958 1270 suis
979 1208 1123 1273 collucto·
1133 1229 1158 1268 ro

182 1296 234 1359 tio.
282 1295 354 1360 Jam
370 1296 488 1374 tussire,
506 1309 535 1359 et
558 1316 706 1379 exspuere
728 1294 846 1371 crebro,
864 1307 894 1356 et
916 1293 954 1356 ab
975 1293 1036 1356 irno
1060 1296 1123 1379 pul-

181 1403 270 1445 mone
286 1383 419 1467 pituitam
431 1381 572 1445 trochleis
588 1381 750 1457 adducera,
762 1393 792 1442 et
807 1380 867 1441 oris
882 1379 1006 1441 humore
1021 1381 1124 1463 proxi·

181 1488 247 1529 mos
263 1488 413 1551 spargere,
431 1480 461 1529 et
477 1466 623 1550 majorem
639 1479 754 1548 partem
774 1464 893 1548 spiritus
908 1464 937 1525 in
952 1464 1124 1548 eloquendo

180 1572 235 1633 per
249 1572 335 1613 nares
352 1551 517 1627 effirndere,
529 1550 643 1612 etiamsi
658 1572 718 1614 non
735 1550 835 1633 utique
846 1550 932 1613 vocis
948 1565 1014 1613 sunt
1028 1550 1101 1614 vitia
1114 1573 1124 1629 ;

181 1634 249 1718 quia
276 1649 374 1697 tamen
399 1648 522 1717 propter
543 1656 652 1697 vocem
674 1634 826 1713 accidunt,
843 1635 1030 1719 potissimum
1053 1636 1157 1701 huicrs

180 1720 251 1785 loco
268 1719 468 1806 subjiciantur.

228 1804 293 1873 Sed
308 1806 507 1892 quodcunque
528 1827 566 1868 ex
585 1804 631 1869 his
646 1805 749 1869 vitium
763 1805 857 1889 magis
874 1806 1000 1884 tulerim,
1017 1826 1122 1889 quam,

181 1914 241 1977 quo
256 1914 334 1956 nunc
355 1892 484 1955 maxime
505 1891 704 1955 laboratorio
724 1892 823 1955 causis
843 1891 980 1954 omnibus
996 1892 1124 1957 scholis·

202 1998 251 2052 ue,
268 1976 429 2039 cannndi:
453 1977 533 2058 quod
563 1976 690 2039 inutilius
719 1977 768 2054 sit,
791 1999 829 2039 an
858 1975 986 2054 foedius,
1003 1978 1121 2041 nescio.

181 1996 265 2130 auid
281 2059 359 2122 enim
374 2060 470 2122 minus
483 2060 592 2124 oratori
608 2062 760 2140 convenit,
771 2083 860 2146 quam
874 2063 1038 2126 modulatio
1054 2082 1156 2127 sce-ao

179 2144 259 2222 nica,
277 2158 307 2208 et
326 2165 535 2228 nonnunquam
555 2146 704 2210 ebriorum
723 2162 772 2210 aut
790 2148 1013 2212 comissantium
1028 2149 1124 2212 licen·

180 2231 238 2296 tiae
252 2230 354 2296 similis
371 2230 382 2291 ,Ρ
416 2230 501 2301 Quid
512 2249 586 2295 vero
601 2233 758 2296 movendis
774 2233 930 2296 affectibus
942 2235 1125 2298 contrarium

179 2317 286 2401 magis,
300 2339 400 2403 quam,
416 2338 485 2380 curn
501 2317 673 2396 dolendum,
686 2318 884 2396 irascendum,
896 2319 1123 2402 indignandum,

180 2403 450 2467 commiserandum
465 2403 513 2480 sit,
525 2425 584 2466 non
599 2402 695 2466 solum
710 2405 746 2466 ab
761 2405 806 2467 his
822 2404 991 2481 affectibus,
1003 2405 1033 2466 in
1045 2426 1125 2488 quos

179 2487 363 2552 inducendus
380 2501 425 2550 est
436 2486 543 2570 judex,
561 2487 716 2566 recedere,
728 2489 782 2551 sed
798 2489 894 2573 ipsam
908 2488 965 2552 sori
980 2490 1158 2554 sanctita-ar

179 2586 240 2634 tem
262 2573 398 2634 ludorum
421 2571 555 2634 talarium
578 2571 697 2634 licentia
719 2573 865 2636 solvere?
909 2574 989 2636 Nam
1005 2574 1128 2638 Cicero

178 2656 248 2716 illos
263 2676 297 2716 on
311 2654 410 2736 hycic
425 2664 452 2714 ct
468 2653 566 2718 Corio
582 2656 717 2718 rhetoras
726 2679 823 2740 poene
840 2669 962 2721 cantare
977 2660 1012 2722 in
1026 2660 1127 2743 epilo-

174 2738 227 2819 gis
242 2738 326 2800 dixit.
887 2798 893 2807 .

220 2820 286 2884 Nos
303 2820 392 2884 etiam
407 2823 544 2883 cantandi
561 2822 741 2886 severiorem
757 2825 856 2908 paullo
871 2827 994 2888 modurn
1010 2849 1127 2896 exces-

178 2905 279 2970 simus.
328 2905 547 2990 Quisquamne,
563 2927 622 2967 non
645 2905 776 2971 dico‘de
799 2909 972 2985 homicidio,
997 2915 1157 2980 sacrile-ro

177 2993 238 3078 gio,
256 2991 427 3079 parricidio,
446 2993 499 3055 sed
521 2994 558 3056 de
583 2990 704 3056 calculis
728 3007 810 3057 certe
833 3007 921 3078 atque
943 2995 1124 3080 rationibus,

178 3081 333 3166 quisquam
365 3077 503 3163 denique,
528 3093 560 3143 ut
590 3079 685 3141 semel
714 3080 823 3157 finiam,
847 3080 876 3142 in
905 3081 958 3144 lite
989 3086 1125 3147 cantat?

179 3167 272 3237 Quod
288 3167 313 3230 si
335 3166 454 3229 omnino
475 3165 681 3249 recipiendum
702 3180 759 3243 est,
776 3165 846 3228 nihil
865 3188 975 3230 causae
991 3184 1049 3246 est,
1066 3191 1124 3234 cur

177 3271 237 3313 non
252 3252 330 3313 illam
345 3252 430 3314 vocis
446 3251 679 3315 modulationem
694 3251 800 3315 fidibus
816 3273 852 3314 ac
868 3252 958 3330 tibiis,
976 3254 1036 3315 imo
1051 3255 1122 3316 her·

178 3334 258 3410 cule,
275 3335 355 3416 quod
372 3348 418 3398 est
432 3336 499 3398 huic
516 3335 694 3399 deformitati
715 3337 848 3422 propius,
867 3339 1011 3421 cymbalis
1034 3338 1155 3422 adju-ac

178 3440 293 3481 vemus.
342 3417 483 3482 Facimus
507 3433 605 3484 tamen
629 3422 688 3484 hoc
711 3422 856 3486 libenter:
880 3445 948 3486 nam
972 3446 1028 3486 nec
1054 3424 1120 3485 cui·

146 3565 157 3576 ,
179 3526 268 3590 quam
298 3516 364 3566 sunt
390 3502 561 3587 injucunda,
579 3527 655 3590 quae
679 3521 797 3570 cantant
818 3508 887 3591 ipsi,
905 3524 936 3572 et
957 3509 1064 3572 laboris
1088 3509 1119 3570 in

178 3591 249 3670 hoc,
267 3610 354 3674 quam
371 3588 400 3650 in
416 3591 542 3672 agendo,
560 3591 656 3656 minus
675 3607 731 3656 est.
782 3591 860 3656 Sunt
874 3606 904 3655 et
919 3595 1050 3678 quidam,
1068 3593 1118 3678 qui
