2459 4200
191 281 233 342 84
434 282 436 288 ’
469 295 507 338 rr.
527 291 862 344 raarruurrrrrnraur

190 444 360 512 melioribus
383 445 495 522 verbis,
520 458 569 508 aut
590 444 688 506 bonae
714 442 758 505 rei
782 441 875 525 gratia
896 439 1045 524 quaedam
1058 462 1130 504 con·

190 531 284 595 trariis
315 531 338 593 si
360 531 525 607 nificemus,
550 529 629 593 aliud
654 543 763 592 textu:
795 549 871 611 quae
893 540 924 589 et
946 526 1130 589 enumeravi·

190 637 266 680 mus.
315 551 417 693 llaec,
446 617 470 680 si
494 616 559 700 quis
582 613 720 698 prolecto
742 613 868 696 ignorat,
889 611 996 695 quibus
1017 611 1132 676 Graeci

190 701 357 766 nominibus
382 701 543 786 appellant,
570 709 746 780 σαρκασμὸν,
768 708 930 776 ἀστεϊσμὸν,
952 709 1130 778 drtlppuutr,

191 801 339 868 παροιμίαν
367 788 427 850 dici
453 787 536 850 sciat.
586 785 664 851 Sunt
689 803 789 864 ettam,
805 787 855 870 qui
879 787 955 848 haec
980 806 1039 847 non
1062 801 1152 868 spe-⁵

191 875 254 938 cies
277 873 447 956 allegoriae,
472 872 525 935 sed
555 872 621 956 ipse
642 887 745 957 tropos
768 872 893 934 dicunt:
926 871 989 934 acri
1011 870 1131 954 quidem

132 999 135 1004 ·
191 960 317 1034 ratione,
334 958 415 1043 quod
438 958 485 1021 illa
507 957 663 1020 obscurior
682 959 732 1033 sit,
752 957 781 1019 in
802 958 847 1020 his
868 957 1004 1019 omnibus
1029 968 1132 1039 aperte

191 1057 344 1127 appareat,
356 1044 427 1127 quid
442 1043 578 1106 velimus.
626 1043 686 1106 Cui
702 1043 820 1106 accedit
835 1042 894 1105 hoc
910 1063 1039 1125 quoque,
1049 1041 1133 1123 quod

191 1149 295 1212 genus,
321 1151 391 1192 curn
418 1129 556 1192 dividitur
572 1128 600 1190 in
616 1129 747 1212 species,
764 1128 836 1190 nihil
850 1129 939 1190 habet
954 1127 1107 1211 proprium
1123 1147 1131 1201 ;

191 1228 223 1276 ut
245 1214 337 1276 arbor
355 1215 461 1296 pinus,
478 1228 508 1275 et
523 1215 599 1289 ulca,
619 1229 649 1276 et
671 1234 839 1296 cupressus,
856 1227 887 1275 et
908 1213 1000 1296 ipsius
1024 1233 1078 1294 per
1098 1233 1132 1274 se
1140 1229 1162 1268 1⁰

191 1298 270 1362 nulle
285 1299 475 1384 proprietas:
500 1297 662 1382 Allsgoriu
681 1321 754 1362 vero
776 1300 863 1362 habet
884 1297 993 1381 aliquid
1016 1297 1132 1380 propri-

192 1405 252 1447 um.
292 1385 458 1468 Quodque
474 1385 565 1446 modo
577 1385 639 1446 fieri
655 1400 765 1468 potest,
776 1384 831 1446 nisi
847 1384 911 1467 ipsa
926 1382 1045 1466 species
1061 1383 1132 1445 est?

195 1467 259 1532 Sed
275 1471 313 1530 ad
330 1471 469 1531 utendum
484 1469 553 1530 nihil
571 1468 670 1531 refert.

236 1550 388 1634 Adjicitur
417 1554 462 1615 his
484 1563 681 1633 μακιηρισμὸς,
705 1553 904 1617 dissimulatus
928 1553 1060 1637 quidam,
1078 1553 1133 1616 sed

191 1658 251 1700 non
270 1637 365 1699 latens
381 1637 505 1701 derisus.
1140 1657 1163 1697 rs

235 1721 375 1785 Pluribus
398 1737 497 1786 autem
511 1724 610 1787 verbis
634 1745 703 1786 cum
719 1724 761 1800 id,
775 1724 856 1808 quod
872 1745 931 1786 uno
946 1737 997 1787 aut
1011 1723 1133 1807 paucio·

191 1809 272 1873 ribus
298 1824 381 1872 certe
408 1809 467 1871 dici
491 1825 602 1893 potest,
621 1810 797 1893 explicatur,
815 1824 983 1890 περίφρασιν
1008 1823 1131 1888 vocant,

192 1895 353 1958 circuitum
371 1896 540 1978 eloquendi,
558 1896 607 2042 pul
628 1917 838 1979 nonnunquam
854 1897 1065 1960 necessitatem
1082 1896 1132 1958 ha·

190 1979 253 2054 bet,
272 1979 388 2062 quoties
413 1980 495 2042 dictu
518 1982 556 2043 de
569 1981 664 2043 ormia
688 1983 810 2064 operit:
833 1997 866 2044 ut
894 1981 1062 2058 Sallustius,
1083 1981 1133 2044 dd
1217 1990 1218 2043 3

190 2063 336 2147 requisitu
351 2073 502 2126 noturus:
526 2065 641 2129 interim
657 2081 792 2131 ornatum
808 2067 881 2152 petit
896 2068 1004 2147 solum,
1021 2067 1073 2152 qui
1090 2079 1162 2133 esto
1217 2074 1218 2079 ’

190 2150 270 2235 apud
285 2153 392 2234 positas
404 2148 681 2233 frequentissimus:
823 2164 833 2168 “

325 2254 437 2319 Tempus
449 2263 510 2312 erat,
523 2271 571 2319 quo
584 2256 661 2320 prima
672 2256 743 2320 quies
754 2257 899 2307 mortalibus
910 2257 989 2323 aegris
1216 2241 1217 2298 l

324 2321 422 2386 Incipit,
435 2331 460 2371 et
471 2323 535 2373 dono
548 2324 632 2373 divum
643 2324 779 2389 gratissima
790 2324 865 2389 serpit
876 2340 883 2385 ;

190 2423 221 2473 et
242 2411 323 2493 apud
345 2425 479 2473 oratores
502 2433 560 2472 non
587 2432 680 2486 rarus,
704 2434 825 2495 semper
849 2411 1130 2477 tamen2astrieti'or·
1215 2395 1217 2532 l

189 2492 345 2575 Quicquid
368 2497 446 2555 enirn
473 2495 630 2575 significari
659 2497 776 2559 brevius
803 2512 914 2579 potest,
939 2512 1061 2560 etcum
1086 2514 1162 2561 oo&

183 2593 259 2639 natu
284 2577 368 2639 latius
391 2579 566 2653 ostenditur,
588 2596 754 2658 περίφρασις
776 2597 844 2643 est:
867 2582 916 2643 eui
940 2604 1049 2645 nomen
1069 2582 1133 2647 La·

188 2662 249 2724 tine
261 2661 362 2723 datum
377 2677 433 2738 est,
445 2683 504 2723 non
520 2684 591 2726 sane
607 2666 748 2729 orationis
764 2679 865 2749 aptum
880 2667 990 2744 virtuti,
1002 2669 1134 2732 circum·
1214 2633 1216 2754 l

190 2745 311 2807 hautio.
359 2747 475 2809 Verum
499 2748 573 2811 haec
598 2765 640 2824 ut,
659 2772 748 2834 quum
767 2753 911 2814 decorem
932 2752 1034 2831 habet,
1047 2756 1134 2835 peri·

185 2830 333 2912 ptrasts3
356 2831 407 2907 ita,
432 2852 501 2893 cum
524 2832 553 2893 in
577 2835 679 2896 vitium
701 2836 815 2911 incidit,
839 2846 1034 2920 περισσολιγῐα
1057 2841 1134 2905 diei·

188 2927 245 2999 tur.
292 2914 402 2979 Obstat
417 2916 507 2993 enirn,
525 2919 665 3001 quicquid
682 2942 740 2981 nnn
756 2921 884 3004 adjuvat.
1140 2954 1161 2995 αι
1213 2893 1215 2976 l

186 3050 189 3055 .
234 3002 432 3087 Hyperbolus
456 3024 586 3086 quoque,
611 3005 640 3067 id
668 3019 714 3069 est
741 3006 824 3067 verbi
849 3009 1132 3091 transgressionem,
1165 3034 1168 3041 ·
1212 3019 1213 3030 ¹

188 3088 327 3174 quoniam
350 3088 519 3173 frequenter
541 3090 615 3154 ratio
639 3092 871 3175 comparationis
890 3110 921 3157 et
943 3095 1036 3157 decor
1059 3117 1132 3179 pos·

180 3175 241 3249 cit,
265 3196 323 3236 non
354 3175 503 3238 immerito
526 3176 602 3239 inter
624 3178 746 3241 virtutes
769 3178 922 3243 habemus.
977 3179 1029 3243 Fit
1051 3182 1130 3245 enim
1211 3211 1212 3218 ¹

187 3255 424 3339 frequentissime
447 3282 551 3342 aspera
570 3277 600 3324 et
615 3264 699 3340 dura,
717 3280 747 3326 et
762 3265 904 3329 dissoluta
920 3281 950 3329 et
965 3266 1048 3329 hians
1062 3288 1128 3331 ora·

188 3340 241 3417 tio,
259 3341 282 3403 si
299 3342 337 3403 ad
353 3344 560 3406 necessitatem
582 3348 694 3411 ordinis
716 3350 760 3412 sui
784 3352 873 3413 verba
889 3352 1068 3434 redigantur,
1085 3366 1159 3429 ειμι
1210 3429 1211 3434 1

187 3436 219 3487 ut
241 3426 380 3509 quodque
411 3427 513 3504 oritur,
538 3430 576 3491 ita
606 3434 761 3515 proximis,
785 3434 874 3497 etiam
896 3437 921 3499 si
943 3437 1048 3499 vinciri
1069 3458 1129 3499 non

188 3524 298 3595 potest,
316 3512 459 3593 alligetur.
507 3512 686 3581 Differendu
710 3519 796 3601 igitur
816 3523 973 3602 quaedam,
991 3536 1022 3585 et
1043 3543 1128 3605 prae·

188 3598 342 3675 sumenda,
360 3612 460 3681 atque,
478 3613 509 3663 ut
531 3600 560 3664 in
583 3604 737 3667 structuris
759 3603 892 3688 lapidum
913 3607 1126 3691 impolitorum,
1209 3649 1210 3692 ρ
