2459 4200
345 247 497 292 annecrr
517 249 665 301 ananau
682 251 819 295 caetra.
1025 241 1067 304 85

121 400 203 478 loco,
228 421 291 484 quo
318 395 636 484 convenit‚'quodque
664 403 845 485 ponendum.
892 403 963 467 Non
987 407 1068 470 enirn

121 486 259 548 recidere
275 505 324 560 ea,
341 505 398 546 nec
421 485 515 568 polire
538 507 709 633 possumus,
726 509 786 570 quo
805 505 1011 572 coagmentata
1032 512 1067 556 se

120 571 216 654 magis
240 571 378 656 jungant,
396 571 450 632 sed
467 583 535 633 uten
560 593 609 633 um
627 571 674 642 iis,
691 573 788 655 qualia
803 589 882 650 sunt,
899 575 1067 658 eligendae·

121 677 181 739 que
196 657 297 720 sedes.
345 653 413 716 Nec
437 655 514 718 aliud
539 671 638 738 potest
660 679 831 720 sermonem
849 658 949 721 lacere
963 683 1066 724 nnme-

100 761 238 817 srosum,
255 761 344 823 quam
367 753 534 822 opportuna
558 741 668 804 ordinis
692 743 826 805 mutatio.
874 743 981 826 Neque
1009 745 1068 808 alio

124 826 204 887 ceris
220 825 353 888 Platonis
375 825 493 886 inventa
513 841 579 887 suut
595 841 719 908 quatuor
732 828 782 890 illa
797 827 901 906 rerba,
918 829 1023 912 quibus
1039 829 1068 892 in

122 910 174 972 illo
203 909 405 994 pulcherrimo
430 929 555 992 operum
580 911 615 971 iu
643 912 805 974 Piraeeum
828 935 858 975 re
884 913 1068 976 descendisse

123 995 280 1078 significat,
312 994 445 1076 plurimis
477 995 573 1057 modis
604 996 727 1078 scripta,
752 999 832 1080 quod
856 1020 926 1060 eum
947 1021 1067 1082 quoque

123 1081 255 1142 maxime
286 1077 390 1155 lacere
414 1080 607 1162 experiretur.
666 1081 783 1143 Verum
804 1083 834 1145 id
859 1105 928 1146 curn
951 1085 1073 1146 duobus

92 1182 117 1220 1⁰
125 1165 226 1228 verbis
248 1165 292 1241 fir,
310 1173 470 1244 ἀναστροφὴ
493 1165 611 1240 dicitur,
629 1167 757 1227 reaerria
780 1168 949 1249 quaedam:
972 1168 1076 1248 qualia

126 1263 196 1312 sunt
217 1250 316 1331 vulgo,
333 1250 473 1328 Mecum,
496 1269 621 1311 aecum:
643 1250 721 1331 apud
745 1264 878 1312 oratores
901 1265 931 1312 et
952 1249 1076 1312 histori-

125 1355 192 1410 cos,
221 1334 340 1409 Quibus
362 1336 397 1396 dc
420 1335 516 1396 rebus.
569 1332 624 1410 At,
648 1355 718 1395 cnm
741 1333 859 1396 decoris
881 1335 973 1416 gratia
997 1355 1078 1396 con·-

124 1420 247 1482 trahitur
261 1419 375 1502 longius
388 1421 523 1496 verbum,
535 1418 655 1502 proprie
671 1417 827 1502 hyperbati
842 1433 922 1482 tenet
936 1441 1045 1481 nomen
1060 1439 1075 1480 t

126 1518 167 1581 ut,
185 1503 411 1584 Animadverti,
423 1505 555 1588 judicas,
574 1525 689 1566 auruum
704 1505 889 1566 accusatoria
904 1506 1073 1566 oraticnem.

92 1611 118 1652 15
125 1589 160 1650 ira
176 1589 254 1650 duaa
269 1589 397 1650 diuisam
413 1611 471 1651 esse
483 1599 595 1672 partes.
642 1587 721 1650 Nam
735 1591 771 1650 iu
786 1590 863 1651 duur
873 1599 976 1672 parier
991 1589 1076 1649 diui--

125 1695 190 1737 aaut
205 1695 277 1750 ease,
294 1688 409 1736 rectum
422 1689 496 1752 erat,
511 1675 565 1737 sed
581 1675 685 1736 durum
701 1688 731 1736 et
742 1674 937 1756 incomptum.
985 1673 1076 1734 Poe--

125 1773 175 1822 tae
190 1761 311 1842 quidem
328 1760 416 1822 etiam
428 1761 586 1822 verborum
602 1759 780 1820 divisionem
795 1757 918 1833 iaciunt,
933 1770 963 1818 et
978 1770 1077 1817 trans-

128 1865 324 1928 greseronem,

314 1977 378 1986 -—-
387 1949 551 2014 Hyperborea
564 1956 658 2012 septem
670 1946 781 2010 subjecta
792 1945 871 1995 trioni.

93 2052 210 2135 eoquod
237 2052 332 2115 oratio
359 2071 544 2136 nequaquam
568 2050 702 2134 recipiet.
753 2048 797 2112 Ar
819 2049 849 2111 id
868 2049 988 2147 quidem
1011 2063 1077 2126 est,

128 2151 252 2221 propter
281 2139 374 2221 quod,
406 2159 476 2199 cum
506 2137 624 2214 dicitnr,
656 2147 758 2217 tropus
782 2135 826 2209 fit,
853 2157 921 2216 quta
945 2155 1077 2213 compo·

128 2224 242 2285 nendus
266 2238 312 2285 est
328 2244 345 2284 e
362 2224 476 2284 duobus
499 2222 678 2283 intellectus.
727 2218 864 2297 Alioqui,
881 2218 931 2277 ubi
946 2217 1018 2276 nihil
1033 2236 1079 2277 ex

129 2307 344 2389 significatione
371 2320 513 2391 mutatum
537 2319 594 2381 est,
618 2317 648 2365 et
675 2317 820 2362 structura
845 2300 909 2361 sola
932 2299 1073 2375 variatur,

121 2390 231 2477 figura
253 2393 352 2475 potius
368 2392 525 2452 uerborum
542 2389 601 2451 dici
624 2399 747 2470 potest:
772 2384 849 2446 sicut
871 2382 953 2444 multi
975 2403 1078 2444 narra·

95 2478 243 2541 astionem
258 2478 352 2560 longis
369 2491 481 2539 mutant
496 2473 678 2557 hyperbatis.
725 2469 776 2532 Ex
792 2467 922 2531 confusis
938 2489 1015 2552 quae
1031 2467 1079 2530 vi-

131 2563 170 2625 tia
185 2562 337 2639 accidunt,
355 2583 409 2624 suo
425 2562 495 2622 loco
512 2560 650 2622 diximus.

178 2648 373 2729 Hyperbolus
399 2646 564 2709 audacioris
590 2657 709 2706 ornatus
734 2662 850 2703 summo
877 2640 947 2702 loco
973 2640 1078 2722 posui„

131 2731 193 2804 Est
213 2732 287 2794 haec
304 2733 411 2794 decerta
431 2732 495 2791 veri
518 2728 706 2813 superjectio.
754 2726 858 2789 Virtus
881 2725 945 2809 ejus
968 2746 1008 2786 ex
1031 2724 1080 2786 di-

131 2838 220 2881 verso
243 2817 445 2899 perungendi
468 2830 555 2898 atque
579 2813 739 2877 minuendi.
787 2810 838 2873 Fit
863 2811 994 2894 pluribus
1009 2829 1082 2869 mo·

97 2904 189 2967 audis.
247 2901 314 2965 Aut
344 2902 422 2964 enim
447 2902 514 2985 plus
536 2900 616 2963 sacto
640 2900 778 2971 dicimus,
809 2896 945 2969 Vernaus,
963 2889 1084 2972 fruatis

131 2990 294 3051 esculentia
306 2989 458 3071 gremium
473 3007 559 3049 suum
575 2996 603 3046 et
618 2993 710 3045 tatum
725 2980 862 3042 tribuual
875 2976 1021 3054 implerit.

304 3118 367 3127 --
377 3090 524 3154 Geminique
536 3088 658 3135 minantur
670 3083 700 3129 In
712 3078 809 3143 caelum
821 3074 922 3138 scopuli.

134 3204 187 3254 aut
202 3212 252 3253 res
267 3213 319 3275 per
334 3192 554 3255 similitudinem
569 3184 730 3250 attollimus
745 3202 752 3239 :

183 3319 190 3333 r
244 3352 246 3355 ,
305 3297 472 3345 -Credas
484 3295 566 3342 innare
579 3290 689 3341 revulsas
701 3283 831 3353 Cycladum

100 3395 185 3449 aiant
200 3401 256 3465 per
271 3370 526 3463 comparationem
542 3399 549 3435 :
573 3390 616 3451 ut,

302 3480 488 3531 -Fulminis
500 3478 566 3526 ocior
578 3476 632 3525 alia.
657 3550 660 3554 Ι

138 3580 189 3631 aut
203 3568 293 3650 signis
308 3565 394 3650 quasi
408 3562 597 3645 quibusdam,
