2459 4200
342 256 496 304 suasere
513 257 662 311 nonnata
678 217 814 305 caetra.
1018 249 1061 311 2⁶

123 405 244 490 Horum
260 406 350 492 primi
365 429 541 472 communes
556 409 641 474 locos
656 423 802 474 tractasse
816 410 964 490 dicuntur,
982 411 1062 476 Pro·

121 507 251 578 tagoras,
270 491 412 576 Gorgias,
430 491 592 572 Prodicus,
614 507 645 557 et
665 494 920 579 Thrasymachus.
965 497 1061 562 Cice·

119 600 155 642 ro
170 580 200 642 iu
223 577 322 642 Bruto
344 591 433 661 negat
455 593 523 642 ante
546 578 698 642 Periclem
720 581 864 664 scripturn
886 581 1059 667 quidquam,

144 665 203 726 uod
232 675 369 726 ornatum
399 664 560 728 oratorium
588 665 719 728 habeat:
757 665 823 751 ejus
851 666 948 750 aliqua
978 667 1057 730 terri.

100 684 274 832 sAquidem
287 769 348 810 non
363 748 483 832 reperio
498 750 657 833 quidquam
678 763 758 813 tanta
773 750 961 834 eloquentiae
982 750 1062 816 sama

123 833 263 915 dignum:
294 832 424 915 ideoque
453 833 548 896 minus
578 833 669 897 miror
694 856 774 911 esse,
799 835 848 918 qui
870 835 941 898 nihil
962 837 1001 899 ah
1023 856 1062 899 eo

120 917 265 1001 scriptum
287 931 392 1002 putent
404 937 413 993 ;
440 917 515 982 haee
538 932 649 996 autem,
672 939 749 1002 quae
770 918 913 998 seruntur,
937 920 976 983 ab
997 919 1061 984 aliis

120 1022 189 1066 esse
205 1001 383 1086 composita.

167 1085 228 1150 His
244 1100 418 1150 successere
440 1086 534 1164 multi,
552 1088 606 1151 sed
621 1088 803 1152 clarissimus
825 1088 959 1174 Gorgiae
977 1091 1062 1153 audi·

24 1241 26 1244 ¹
88 1183 236 1247 sotorum,
253 1169 414 1250 IsocrateS,
431 1191 600 1254 quanquam
623 1173 662 1234 de
683 1185 880 1255 praeceptore
898 1174 964 1256 ejus
987 1174 1069 1235 inter

123 1269 268 1318 auctores
279 1276 336 1317 nou
346 1255 494 1318 convenit.
534 1255 601 1318 Nos
617 1269 716 1317 autem
728 1255 886 1318 Aristoteli
899 1255 1059 1318 credimus.

122 1337 220 1402 Hinc¹
233 1339 314 1402 velut
342 1340 477 1403 diversae
501 1339 597 1402 secari
620 1351 787 1423 coeperunt
807 1339 885 1402 viae.
931 1337 1009 1402 Nam
1032 1353 1063 1404 et

120 1423 266 1488 Isocratis
284 1425 527 1509 praestantissimi
544 1423 682 1508 discipuli
697 1423 814 1488 suerunt
828 1424 857 1486 in
873 1423 954 1488 omni
968 1424 1068 1488 studi·

119 1529 207 1571 orum
233 1530 367 1592 genere:
398 1530 495 1656 eoque
520 1509 584 1595 jam
608 1509 725 1572 seniore
752 1509 906 1593 (octavum
928 1510 1006 1573 enim
1030 1524 1067 1573 et·

88 1595 346 1677 ranonagesimum
382 1595 443 1678 imp
454 1594 515 1657 evit
549 1593 670 1677 annum)
704 1594 915 1678 pomeridianis
950 1594 1061 1658 scholis

118 1677 304 1743 Aristoteles
320 1679 495 1762 praecipere
512 1692 604 1742 artem
617 1679 776 1743 oratoriam
785 1679 899 1762 coepit,
912 1693 985 1741 noto
996 1678 1061 1760 qui·

24 1825 25 1830 ,
116 1763 190 1827 dem
199 1765 249 1827 illo
264 1763 310 1846 (ut
319 1764 453 1847 traditur)
466 1785 553 1827 versu
564 1786 603 1826 ex
614 1761 784 1826 Philocteta
800 1762 969 1845 frequenter
977 1783 1067 1839 usus,

239 1862 355 1934 Αἴσχςόν
368 1863 476 1930 σιωπᾷν,
488 1859 534 1913 καῖ
549 1857 693 1932 ’leomarus
707 1857 749 1928 iqr
761 1863 850 1929 λίγω.

244 1935 341 2012 Thrpe
356 1953 413 1991 esse
426 1941 527 2005 tacere,
544 1940 568 1991 et
582 1933 733 1991 Isocraten
742 1932 808 2012 puli
821 1931 922 1991 dicere.

83 2027 182 2096 nnArs
207 2041 254 2092 est
275 2027 437 2111 utriusque,
455 2026 509 2088 sed
532 2026 663 2111 pluribus
687 2047 753 2089 eam
774 2025 855 2088 libris
879 2023 1068 2088 Aristoteles·

118 2115 298 2199 complexus
321 2126 376 2175 est.
424 2110 545 2173 Eodem
567 2126 703 2195 tempore
728 2111 925 2174 Theodectes
940 2108 1005 2185 luit,
1022 2109 1069 2171 de⁴

117 2200 207 2285 cujus
230 2220 322 2283 opere
345 2218 433 2279 supra
456 2196 640 2257 dictumest.
690 2193 920 2277 Theophrastus
942 2212 1069 2275 quoque·

118 2283 296 2347 Aristotelis
319 2280 481 2365 discipulus
505 2280 543 2341 de
565 2279 711 2339 rhetorice
734 2278 889 2357 diligenter
918 2276 1037 2355 scripsit
1051 2297 1069 2334 t·

118 2384 212 2452 atque
234 2368 301 2431 hinc
322 2367 371 2431 vel
394 2362 562 2439 ¹studiosius
591 2359 772 2445 philosophi,
797 2380 886 2442 quam
914 2358 1066 2435 rhetores,

83 2486 111 2527 25
141 2453 343 2537 raecipueque
361 2450 535 2515 Stoicorum
550 2468 586 2510 ac
603 2444 874 2529 Peripateticorum
895 2441 1063 2528 principes.

118 2476 212 2601 Tacit
234 2538 342 2601 deinde
365 2536 446 2598 velut
467 2532 619 2617 propriam
642 2530 847 2614 Hermagoras
863 2530 954 2607 viam,
971 2550 1061 2613 quam

117 2623 238 2708 plurimi
261 2626 329 2687 su'nt
351 2619 467 2684 secuti:
499 2618 546 2680 cui
568 2617 698 2679 maxime
729 2638 783 2701 par
811 2630 899 2699 atque
928 2614 1065 2678 aemulus

117 2708 238 2780 videtur
253 2706 429 2782 Athenaeus
445 2702 545 2767 luisse.
594 2700 691 2765 Multa
706 2715 777 2785 post
793 2699 972 2785 Apollonius
989 2697 1067 2759 Mo*

116 2793 181 2871 lou,
193 2792 285 2856 multa
297 2790 409 2869 Areus,
421 2789 512 2851 multa
521 2787 686 2866 Caecilius,
701 2800 731 2849 et
741 2784 989 2850 Halicarnasseus
996 2782 1068 2863 Di»

84 2877 253 2962 soonysius.
328 2880 331 2887 ’
816 2958 819 2963 ¹

163 2962 337 3045 Praecipue
358 2975 457 3023 tamen
480 2960 509 3022 in
532 2982 565 3021 se
587 2969 797 3038 converterunt
819 2955 916 3018 studia
932 2952 1069 3045 Apollq·

117 3048 212 3111 dorus
227 3046 444 3129 Pergamenus,
462 3045 511 3128 qui
526 3055 706 3127 praeceptor
721 3037 903 3119 Apolloniae
921 3034 1063 3127 Caesarrs

118 3129 256 3213 Augusti
276 3130 352 3192 suit:
375 3144 405 3193 ct
423 3129 605 3193 Theodorus
623 3123 794 3195 Gadareus,
810 3118 860 3201 qui
876 3138 908 3217 se
926 3115 984 3177 dior
999 3137 1067 3180 ma·

116 3215 175 3279 luit
191 3212 368 3279 Rhodium:
392 3236 482 3299 quem
505 3212 637 3274 studiose
659 3205 788 3283 audisse,
806 3225 876 3267 curn
894 3225 924 3265 m
939 3222 1004 3266 eam
1018 3203 1068 3267 in··

83 3302 216 3371 assulam
232 3300 419 3376 secessisset,
438 3298 544 3361 dicitur
568 3292 711 3357 Tiberius
730 3290 856 3356 Caesar.
904 3288 949 3354 Hi
965 3289 1068 3354 diver·

117 3408 169 3451 sas
185 3386 342 3471 opiniones
357 3385 549 3458 tradiderunt,
567 3378 766 3464 appellatique
781 3377 850 3440 inde
865 3374 1067 3459 Apollodorei

118 3484 152 3535 et
180 3470 361 3546 Theodorei,
384 3471 422 3533 ad
445 3481 559 3531 morem
582 3478 681 3529 certes
704 3463 732 3525 in
754 3460 942 3547 philosophia
963 3471 1069 3552 sectqs

118 3556 279 3642 sequendi.
328 3554 394 3621 Sed
410 3550 591 3637 Apollodori
612 3563 775 3635 praecepta
796 3547 890 3630 magis
912 3563 953 3605 ex
974 3540 1069 3602 diser·
1173 3564 1175 3567 ⁴
