2459 4200
150 290 217 354 2220
445 302 482 345 st.
503 301 596 345 rsnrr
615 296 838 353 aurnrrsrsrrr

151 454 222 519 tium
237 450 396 517 auctoritas
412 452 487 515 ultra
503 450 633 515 debitam
647 448 846 513 reverentiam
861 448 967 513 tardet.
1014 448 1098 515 Nam

152 554 183 603 ut
196 538 395 601 abominanda
411 552 479 601 suot
493 536 641 599 contraria
660 534 707 599 his
722 533 804 612 vitia,
822 535 1031 613 confidentiae,
1050 551 1096 599 to·

151 622 306 701 meritatis,
323 622 531 706 improbitatis,
549 620 758 703 arrogantiae:
790 620 830 683 ita
855 620 930 683 citra
955 637 1094 686 constan·

151 708 235 787 tiam,
253 708 405 781 fiduciam,
423 706 638 783 fortitudinem,
649 705 721 767 nihil
735 727 795 781 ars,
809 705 882 767 nihil
896 706 1038 781 studium,
1051 706 1096 768 ni·

151 794 192 857 hil
216 792 367 877 profectus
391 792 456 877 ipse
479 790 647 875 profuerit:
672 805 703 853 ut
723 790 819 853 sides
836 812 919 853 arma
939 791 1052 854 timidis
1067 805 1120 855 ets

153 879 332 943 imbellibus.
379 878 494 941 Invitus
519 876 690 939 mehercule
705 875 789 952 dico,
805 876 946 957 quoniam
966 890 998 939 et
1014 877 1099 941 aliter

153 965 218 1027 acci
243 964 251 1026 i
274 978 384 1047 potest,
405 964 500 1047 ipsam
523 960 748 1036 verecundiam,
765 960 870 1023 vitium
883 961 1023 1043 quidem,
1040 962 1095 1025 sed

152 987 292 1125 amabile,
310 1063 340 1111 et
363 1070 440 1131 quae
463 1048 585 1111 virtutes
608 1045 749 1107 facillime
774 1061 909 1128 generet,
926 1068 994 1109 esse
1019 1047 1095 1111 inter

154 1134 291 1211 adversa,
309 1134 466 1217 multisque
488 1134 518 1196 in
536 1152 627 1195 causa
641 1130 745 1206 luisse,
761 1144 794 1193 ut
814 1132 892 1194 hona
913 1132 1021 1215 ingenii
1036 1147 1096 1197 stn-

155 1218 254 1303 diique
270 1220 299 1281 in
314 1219 414 1282 lucem
429 1241 488 1281 non
504 1218 630 1302 prolata,
646 1217 703 1281 situ
718 1219 849 1300 quodam
863 1218 973 1280 secreti
988 1238 1135 1283 consu-ro

156 1319 315 1369 merentur.

201 1390 288 1455 Sciat
301 1405 411 1467 autem,
429 1391 454 1453 si
470 1390 536 1474 quis
557 1389 633 1451 haec
649 1385 725 1449 lorte
747 1387 842 1450 minus
865 1388 962 1451 adhuc
986 1390 1099 1471 peritus

156 1474 352 1557 distinguendi
373 1475 432 1537 vim
452 1474 597 1559 cujusque
619 1472 714 1549 verbi,
731 1473 821 1556 leget,
837 1495 896 1535 non
918 1474 1099 1556 probitatem

155 1579 173 1621 a
189 1581 237 1621 me
253 1560 443 1643 reprehendi,
461 1561 514 1622 sed
530 1558 753 1633 verecundiam,
771 1579 848 1640 quae
864 1572 910 1621 est
930 1559 1017 1621 timor
1031 1560 1099 1644 qui-

155 1642 237 1721 dam,
248 1643 396 1705 reducens
411 1644 540 1705 animum
556 1644 594 1705 ab
607 1643 654 1717 iis,
666 1664 743 1724 quae
755 1641 892 1706 facienda
906 1658 974 1706 sunt
987 1665 996 1720 ;
1019 1646 1138 1709 unders

157 1726 305 1805 conlusio,
323 1742 353 1791 et
380 1729 481 1813 coepti
512 1726 706 1811 poenitentia,
727 1742 758 1789 et
783 1729 911 1791 subitum
935 1729 1095 1793 silentium.

157 1812 235 1885 Quis
266 1836 356 1899 porro
382 1815 497 1878 dubitet
522 1814 600 1877 vitiis
630 1813 781 1875 ascribere
806 1815 959 1891 affectum,
976 1829 1101 1898 propter

157 1921 247 1984 quem
266 1900 364 1963 lacere
385 1901 510 1964 honeste
533 1899 655 1983 pudet?
699 1897 806 1981 Neque
826 1921 883 1981 ego
905 1920 1006 1962 rursus
1028 1900 1101 1963 nolo

158 2005 238 2059 eum,
256 1986 305 2065 qni
325 1985 362 2045 sit
378 1986 521 2061 dicturus,
539 1999 569 2047 et
589 1983 747 2047 sollicitum
769 2006 902 2067 surgere,
920 1999 950 2047 et
965 1986 1102 2047 colorem

1219 339 1227 634 ζ

1222 902 1227 1198 p

157 2081 282 2144 mutare,
305 2081 334 2130 et
351 2068 514 2149 periculum
531 2069 715 2152 intelligere:
739 2090 815 2151 quae
831 2070 930 2132 sinon
946 2069 1138 2148 accidentem
1225 2039 1227 2121 l

157 2151 247 2214 etiam
263 2153 427 2214 simulanda
443 2168 538 2216 erunt.
588 2154 653 2218 Sed
673 2154 840 2218 intellectos
859 2156 907 2218 hio
929 2155 967 2219 sit
985 2157 1098 2239 operis,

157 2259 217 2300 non
238 2253 358 2302 metus:
382 2260 624 2324 mereamurque,
642 2263 702 2302 non
723 2241 927 2303 concidamus.
975 2239 1100 2323 Optima

159 2339 204 2386 est
220 2340 317 2386 autem
337 2326 506 2388 emendatio
523 2327 720 2388 verecundiae
735 2325 845 2387 fiducia
862 2346 869 2384 ι
893 2340 922 2388 et
937 2327 1102 2409 quamlibet

158 2409 307 2472 imbecilla
322 2409 402 2473 frons
418 2433 523 2494 magna
539 2411 722 2473 conscientia
736 2411 904 2472 sustinetur.

205 2493 282 2558 Sunt
299 2509 329 2557 et
344 2497 497 2572 naturalia,
515 2510 546 2558 ut
568 2495 749 2578 supradixi,
766 2517 843 2578 quae
862 2511 961 2558 tamen
982 2511 1012 2558 et
1027 2517 1141 2560 curans

154 2578 306 2662 juvantur,
325 2581 526 2656 instrumenta,
545 2601 616 2656 vox,
634 2581 721 2657 latus,
740 2581 833 2642 decor
849 2602 856 2640 :
880 2603 957 2664 quae
977 2582 1101 2664 quidem

158 2677 268 2723 tantum
280 2664 389 2738 valent,
402 2677 434 2724 nt
445 2662 613 2745 frequenter
625 2663 734 2741 samam
751 2665 857 2747 ingenii
873 2665 993 2727 saciant.
1031 2664 1100 2728 Ha·

160 2745 218 2806 buit
231 2761 364 2805 oratores
381 2759 461 2806 aetas
477 2763 576 2807 nostra
589 2748 775 2827 copiosiores
792 2770 799 2808 :
822 2751 877 2810 sed
889 2771 957 2810 cum
970 2751 1098 2827 diceret,

158 2827 288 2890 eminere
304 2827 378 2886 inter
393 2828 531 2908 aequales
550 2829 718 2891 Trachalus
734 2832 911 2893 videbatur:
935 2853 971 2893 ea
987 2855 1101 2917 corpo-

157 2911 195 2974 ris
213 2910 375 2974 sublimitas
392 2928 466 2989 erat,
485 2913 509 2975 is
525 2913 611 2974 ardor
627 2914 793 2988 oculorum,
805 2913 908 2976 frontis
923 2919 1100 3000 auctoritas,
1113 2942 1140 2982 at

157 3014 258 3082 gestus
282 2997 470 3082 praestantia,
488 3021 549 3060 vox
569 2998 688 3082 quidem
709 3021 781 3075 non,
800 3014 831 3062 ut
848 2998 962 3063 Cicero
978 3002 1100 3069 deside·

158 3100 213 3162 rat,
231 3107 326 3168 paene
342 3085 559 3168 tragoedorum,
577 3085 630 3146 sed
647 3106 736 3167 super
751 3107 856 3148 omnes
871 3108 946 3169 quos
963 3108 1019 3170 ego
1034 3093 1100 3173 qui·

159 3173 227 3232 dem
244 3171 386 3234 audierim
408 3171 577 3252 tragoedos.
625 3169 719 3232 Certe
740 3193 809 3234 cum
831 3171 860 3233 in
880 3173 1002 3235 basilica
1017 3173 1100 3239 Julia

159 3255 272 3316 diceret
289 3257 385 3336 primo
401 3256 545 3332 tribunali,
562 3270 687 3338 quatuor
703 3273 802 3319 autem
817 3256 944 3340 judicia,
962 3273 993 3320 ut
1008 3261 1099 3324 moris

159 3352 215 3410 est,
234 3355 422 3418 cogerentur,
440 3356 528 3422 atque
550 3340 1044 3418 omniaclarnoribuslrerneren13
1067 3359 1136 3406 etas
1225 3344 1226 3387 t

58 3446 65 3456 r
159 3422 289 3484 auditum
305 3444 372 3484 eum
395 3437 424 3486 et
444 3424 627 3487 intellectum
649 3440 690 3503 et,
708 3429 789 3509 quod
813 3429 967 3510 agentibus
991 3428 1099 3492 ceteris

159 3506 489 3571 contumeliosissimum
512 3508 577 3585 suit,
595 3507 750 3574 landatum'
768 3535 886 3595 quoque
913 3536 953 3576 ex
974 3527 1100 3597 quatuor

160 3593 349 3658 tribunalibus
366 3591 494 3654 memini.
546 3593 608 3658 Sed
626 3596 685 3660 hoc
701 3612 803 3660 votum
818 3612 865 3660 est
879 3613 909 3661 et
924 3621 989 3662 rara
1005 3597 1100 3663 lelici·
