2459 4200
175 275 217 334 st
464 279 500 322 rr.
520 275 614 322 asan
633 267 858 326 carnarium

220 435 285 502 Sed
307 431 427 516 saepius
449 431 479 492 id
502 442 548 491 est
570 422 766 498 accusatoris,
783 433 918 484 avertere
935 412 1079 563 podicem
1097 431 1118 474 a

174 519 374 591 miseratione,
392 537 450 601 qua
472 535 540 577 reus
563 512 601 574 sit
624 531 742 585 usurus,
764 521 853 589 atque
875 503 913 565 ad
946 513 1050 562 ortrter
1065 519 1116 582 Ju-
1213 538 1214 557 2

174 606 333 670 dicandum
357 601 520 666 concitare.
567 595 666 681 Cujus
688 593 748 656 loci
770 605 816 654 est
839 589 927 652 etiam
950 603 1115 667 occupare,
1213 642 1214 661 2

174 711 250 775 quae
266 690 412 752 dicturum
428 685 612 748 facturumve
628 678 830 744 adversarium
846 690 943 758 putes.
990 669 1069 732 Nam
1087 681 1118 730 et
1213 664 1214 745 l

174 776 323 840 cautiores
339 773 377 836 ad
397 770 565 834 custodiam
588 787 660 829 suae
681 761 832 845 religionis
850 759 972 844 judices
986 755 1069 830 facit,
1088 767 1137 816 ets
1213 748 1214 811 l

174 861 297 945 gratiam
313 857 499 940 responsuris
514 852 621 927 aufert,
638 872 708 913 cum
723 870 771 923 ea,
788 867 863 930 quae
878 841 1033 926 praedicta
1049 853 1119 904 sunt
1213 838 1214 847 ’

175 946 213 1012 ab
229 958 418 1019 accusatore,
431 941 507 1024 jam,
525 939 550 1000 si
567 959 621 1020 pro
637 957 690 997 reo
705 946 853 1017 petentur,
866 951 927 990 non
942 927 1000 989 sint
1014 944 1117 986 novar

175 1044 207 1094 ut
233 1029 358 1094 Servius
384 1024 538 1108 Sulpicius
561 1037 664 1084 contra
684 1018 849 1091 Aufidiam,
867 1034 903 1074 ae
925 1013 1120 1093 signatarum

175 1115 213 1177 ab
234 1116 309 1196 ipsis
332 1113 495 1174 discrimen
525 1108 691 1192 objiciatur
718 1103 790 1180 sili,
816 1111 1000 1184 praemonet.
1047 1094 1118 1157 Nec
1213 1115 1214 1122 ¹

176 1221 234 1262 non
257 1201 295 1262 ab
320 1198 487 1272 Aeschine,
510 1194 589 1278 quali
615 1192 654 1254 sit
676 1211 781 1252 usurus
811 1183 1037 1248 Demosthenes
1066 1201 1150 1244 ac-ro

176 1285 268 1362 tione,
287 1284 471 1368 praedictum
496 1295 551 1344 est.
599 1274 744 1339 Dooendi
762 1292 881 1356 quoque
902 1268 1017 1331 interim
1037 1265 1117 1351 judi·

176 1391 240 1444 ces,
253 1371 323 1453 quid
334 1368 503 1450 rogantibus
513 1363 696 1446 respondere
708 1359 836 1421 debeant
849 1377 857 1417 ι
873 1354 954 1437 quod
970 1366 1016 1416 est
1027 1373 1117 1414 unum

176 1455 360 1536 repetitionis
376 1473 480 1532 genus.

221 1537 447 1598 Periclitantem
470 1553 542 1594 vcro
573 1530 763 1592 commendat
784 1525 933 1607 dignitas,
957 1538 988 1587 et
1016 1521 1119 1585 stadia

177 1619 289 1702 sortia,
315 1634 345 1682 et
374 1627 525 1700 susceptae
550 1615 627 1676 bella
656 1614 825 1687 cicatrices,
850 1625 881 1672 et
910 1610 1064 1683 nobilitas,
1087 1620 1153 1671 etis

175 1707 283 1768 merita
312 1705 471 1789 majoram.
520 1700 607 1777 Hoc,
628 1699 709 1783 quod
739 1697 876 1781 proxime
906 1695 981 1771 dixi,
1002 1693 1117 1757 Cicero

176 1807 265 1875 atque
284 1790 407 1856 Asinius
422 1787 559 1852 certatim
573 1800 640 1848 sunt
656 1784 700 1847 usi
716 1805 724 1844 ε
748 1805 803 1867 pro
821 1781 939 1846 Scauro
955 1797 1038 1863 patre
1053 1779 1116 1856 hic,

174 1878 225 1940 ille
242 1899 296 1960 pro
313 1877 383 1939 filio.
431 1874 634 1938 Commendat
653 1885 683 1933 et
703 1891 794 1932 causa
816 1865 951 1951 periculi,
969 1866 992 1927 si
1015 1885 1118 1927 susce·

176 1962 258 2046 pisse
282 1961 448 2023 inimicitias
471 1961 510 2020 ob
532 1957 652 2040 aliquod
670 1954 781 2018 sactum
804 1954 959 2014 honestum
975 1951 1117 2015 videtur:

177 2046 337 2130 praecipue
349 2045 476 2121 danitas,
491 2042 676 2118 hamanitas,
688 2039 908 2103 misericordia.
937 2035 958 2098 J
962 2050 1025 2098 uste
1037 2035 1152 2098 enimaa

177 2147 247 2195 tunc
269 2146 371 2215 petere
388 2152 424 2193 ea
439 2130 564 2213 quisque
580 2129 697 2191 videtur
712 2148 730 2189 a
744 2118 863 2211 jndice,
881 2144 956 2207 quae
972 2121 1035 2184 aliis
1051 2122 1119 2204 ipse

177 2218 366 2302 praestiterit.
415 2214 589 2280 Reseranda
611 2236 679 2298 pars
702 2213 776 2274 haec
799 2230 918 2294 quoque
941 2207 978 2271 ad
1001 2208 1118 2269 attrita·

176 2313 232 2365 tera
248 2304 443 2387 reipublicae,
462 2302 503 2365 ad
511 2300 655 2386 judicum
666 2299 814 2381 gloriam,
831 2297 872 2357 ad
886 2295 1063 2375 exemplam,
1077 2292 1118 2355 ad

176 2392 351 2453 memoriam
362 2389 556 2473 posteritatis.

221 2475 387 2537 Plurimum
403 2489 501 2535 tamen
517 2471 597 2533 valet
612 2468 777 2542 miseratio,
794 2487 871 2548 quae
885 2464 1021 2548 judicem
1037 2462 1152 2527 flectis

177 2580 236 2621 non
252 2572 363 2620 tantum
381 2556 473 2637 cogit,
491 2555 544 2615 sed
564 2566 676 2613 motum
692 2571 810 2634 quoque
825 2549 913 2611 animi
929 2550 974 2612 sui
989 2549 1118 2612 lacrimis
1213 2567 1214 2574 ¹

176 2642 321 2705 confiteri.
359 2639 450 2703 Haec
467 2651 582 2721 petetur
598 2650 648 2697 aut
663 2657 703 2697 ex
718 2635 765 2711 iis,
778 2655 853 2717 qaae
862 2655 971 2715 passas
982 2645 1023 2697 est
1034 2656 1116 2713 reas,

167 2741 226 2789 aaut
243 2748 282 2787 ex
298 2725 345 2802 iis,
363 2744 438 2807 qaae
458 2744 525 2783 cura
546 2721 674 2782 maaime
695 2720 824 2802 patitur,
842 2734 890 2781 aut
913 2742 953 2782 ex
975 2721 1023 2795 iis,
1042 2740 1118 2802 qaae

170 2812 353 2872 damnatum
376 2816 516 2870 maneat:
540 2826 616 2889 quae
639 2821 670 2867 et
690 2805 756 2887 ipsa
776 2805 970 2886 duplicantur,
988 2826 1057 2866 cum
1073 2803 1118 2867 dii

169 2896 284 2971 cimus,
303 2916 338 2956 ea
354 2916 412 2977 qua
433 2892 483 2953 illi
496 2889 640 2973 fortuna,
657 2900 684 2951 et
699 2892 735 2950 ia
750 2910 840 2971 qaam
855 2888 1050 2949 recidendam
1064 2890 1115 2951 sit.
1127 2908 1152 2950 at

180 2980 280 3044 Affert
295 2980 324 3043 in
339 2980 383 3043 his
400 2990 583 3041 momentum
598 2990 628 3037 et
643 2986 737 3052 aetas,
755 2988 784 3036 et
799 2995 896 3050 seras,
914 2987 944 3034 et
955 2974 1094 3054 pignora
1106 2998 1118 3053 ,-

167 3068 277 3144 lideri,
296 3066 376 3145 dico,
400 3080 429 3128 et
456 3072 607 3146 parratas,
631 3064 662 3124 et
679 3060 859 3143 propinqui.
907 3058 996 3129 Quae
1019 3060 1119 3124 omnia

167 3153 296 3215 ‘tractari
320 3153 400 3214 varie
421 3150 528 3214 solent.
576 3146 795 3230 Nonnunquam
818 3146 908 3207 etiam
929 3145 995 3227 ipse
1017 3159 1118 3227 patro·

178 3258 232 3298 nus
259 3237 311 3296 has
342 3251 440 3315 partes
467 3234 568 3297 subit:
593 3248 624 3295 ut
647 3232 760 3295 Cicero
782 3254 837 3315 pro
869 3229 998 3307 Milone,
1022 3227 1050 3290 0
1072 3251 1117 3293 me

166 3316 342 3380 ‘miseraml
364 3339 380 3377 a
397 3326 421 3377 te
437 3316 614 3397 infelicem!
637 3319 789 3381 Reaocare
810 3337 854 3377 rae
869 3326 903 3377 tu
922 3317 957 3376 ia
968 3316 1148 3397 patriarum
1213 3359 1214 3364 η

168 3403 276 3478 -Milo,
291 3401 416 3483 potuisti
428 3420 484 3481 per
500 3402 562 3477 lrcs,
579 3422 634 3483 ego
649 3413 676 3464 te
691 3404 726 3463 ia
744 3402 847 3483 patria
864 3420 920 3481 per
940 3400 1057 3462 easdem
1071 3421 1116 3462 re·

166 3490 273 3551 tinere
295 3506 357 3548 aaa
379 3484 514 3583 potero?
560 3486 767 3571 Maximeque,
785 3486 810 3549 si
828 3487 874 3567 (ut
896 3499 966 3547 tunc
989 3486 1113 3569 accidit)

178 3590 238 3637 non
260 3586 440 3637 convenrunt
463 3570 502 3646 ei,
520 3571 569 3654 qui
592 3588 760 3649 accusatur,
783 3591 901 3652 preces.
926 3570 1028 3635 =Nam
1051 3572 1116 3655 quis
