2459 4200
351 316 504 363 sansoni
522 316 671 371 quantur
689 318 825 365 carras.
1010 304 1073 365 281

129 488 197 529 mm
212 467 415 529 adversarium
434 484 549 531 certum
571 483 627 545 est,
649 468 711 551 (est
729 470 810 532 enim
830 470 988 554 aliquando
1010 492 1076 535 cer·

130 551 207 634 tum)
228 551 292 634 pari
308 573 380 614 cura
396 550 577 615 refelluntur.

177 635 229 699 Ad
246 636 414 699 aliauuum
435 651 567 720 paratum
590 638 697 700 afferre
721 658 891 721 possumus,
908 654 941 701 ut
955 662 1077 705 causam

130 722 210 784 hene
231 721 403 784 noverimus
419 743 429 798 ;
451 722 575 784 alterum
598 722 637 785 ibi
659 745 789 799 sumere,
806 738 839 785 ut
854 724 1005 787 dicentem
1024 728 1076 791 ad·

106 806 295 873 aversarium
312 807 467 890 diligenter
485 808 649 870 audiamus.
698 808 788 871 Licet
804 824 903 871 tamen
918 812 1075 894 praecogi-

131 906 196 955 tare
211 891 308 975 plura,
325 906 355 955 et
371 893 499 955 animum
515 894 552 955 ad
574 915 680 955 omnes
697 915 783 955 casus
799 914 983 977 componere
1000 918 1008 956 z
1031 895 1076 959 id·

130 998 190 1061 que
207 992 253 1040 est
269 978 357 1041 tutius
373 978 452 1055 stilo,
470 999 530 1061 quo
546 977 662 1041 facilius
676 992 708 1048 et
722 979 865 1042 omittitur
880 980 1034 1063 cogitatio,
1047 995 1078 1043 et

130 1061 314 1127 transfertur.

179 1146 243 1213 Sed
261 1148 324 1211 sive
341 1148 370 1209 in
385 1150 595 1230 respondendo
611 1148 697 1211 fuerit
711 1150 811 1213 subito
826 1150 998 1227 dicendum,
1013 1152 1076 1215 sive

97 1254 209 1318 atquae
226 1232 281 1297 alia
296 1233 429 1315 exegerit
444 1234 529 1308 ratio,
543 1255 691 1316 nunquam
706 1256 885 1317 oppressum
900 1257 933 1297 se
949 1257 985 1297 ac
1001 1236 1075 1318 dep·

131 1319 291 1381 rehensum
306 1320 410 1381 credet
426 1332 536 1396 orator,
553 1319 601 1381 cui
618 1319 772 1401 disciplina
788 1335 817 1381 et
833 1320 961 1381 studium
977 1337 1008 1381 et
1022 1342 1075 1381 ex·

132 1404 269 1467 ercitatio
285 1404 401 1467 dederit
418 1404 495 1466 vires
512 1404 601 1466 etiam
616 1402 764 1467 facilitatis
782 1426 789 1465 τ
814 1426 961 1487 quemque
980 1427 1075 1467 arma·

131 1504 196 1552 tum
214 1511 344 1573 semper,
362 1511 399 1552 ac
415 1489 496 1551 velut
515 1490 543 1551 in
566 1490 724 1572 procinctu
744 1505 881 1566 stantem,
900 1512 959 1551 non
983 1489 1075 1573 magis

132 1594 261 1657 unquam
284 1576 313 1637 in
333 1574 430 1637 causis
449 1574 555 1652 oratio,
574 1596 665 1658 quam
687 1574 716 1636 in
736 1576 825 1639 rebus
839 1574 1018 1659 quotidianis
1039 1596 1075 1639 ae

98 1659 308 1723 rodomestiois
329 1682 428 1723 sermo
443 1660 563 1723 deficiet
580 1682 588 1735 ;
612 1682 669 1723 nec
685 1683 720 1723 se
735 1682 861 1745 unquam
878 1676 999 1745 propter
1014 1661 1074 1723 hoc

132 1745 217 1807 oneri
243 1746 418 1821 subtrahet;
443 1746 533 1807 modo
556 1746 595 1807 sit
615 1767 726 1807 causae
749 1746 911 1808 discendae
933 1759 1075 1827 tempus:

132 1850 203 1893 nam
218 1845 320 1893 cetera
335 1850 455 1914 semper
470 1830 556 1893 sciet.
608 1827 705 1909 [XII.
724 1830 772 1906 9.]

451 2134 591 2193 CAPUT
608 2134 756 2194 XXXIV.

161 2317 444 2364 contrastantum
462 2295 823 2355 stun1A.-Anflottt·tt·to
839 2315 878 2353 At>
895 2315 1053 2362 ELOQUEN·

558 2393 647 2433 Ttltttt.

177 2530 246 2594 Hrs
264 2532 383 2593 dicendi
402 2530 556 2593 virtutibus
571 2551 642 2592 usus
657 2544 758 2592 orator
772 2530 802 2591 in
813 2529 947 2614 judiciis,
963 2529 1074 2592 consil·

131 2616 179 2692 iis,
198 2615 405 2692 concionibus,
432 2629 545 2692 senatu,
570 2616 596 2676 in
621 2615 700 2676 omni
724 2615 851 2697 deniqne
876 2615 978 2677 officio
1004 2615 1074 2677 boni

95 2699 220 2776 socivis,
238 2701 327 2762 finem
353 2721 470 2784 quoque
494 2700 613 2784 dignum
640 2714 670 2763 et
694 2701 809 2784 optimo
835 2701 900 2763 viro
927 2715 958 2763 et
982 2723 1074 2785 opere

132 2785 320 2848 sanctissimo
336 2785 426 2848 faciet
443 2807 450 2846 :
474 2809 532 2849 non
548 2787 615 2870 quia
632 2788 777 2871 prodesse
792 2807 921 2870 unquam
937 2788 1008 2850 satis
1023 2787 1072 2865 sit,

132 2883 163 2932 et
177 2869 225 2933 illa
240 2886 340 2934 mente
355 2889 444 2956 atque
459 2873 506 2935 illa
522 2871 663 2937 facultate
683 2874 820 2957 praedito
840 2895 900 2935 non
915 2874 1074 2936 conveniat

132 2957 231 3039 operis
249 2958 438 3041 pulcherrimi
451 2979 539 3039 quam
555 2959 758 3040 longissimum
774 2974 913 3039 tempus:
937 2959 990 3018 sed
1007 2957 1075 3037 quia

131 3040 221 3102 decet
241 3041 300 3102 hoc
320 3061 380 3122 quo
403 3063 439 3101 ue
464 3042 648 3122 prospicere,
666 3040 789 3121 nequid
811 3038 907 3122 pejus,
925 3059 1014 3119 qnam
1029 3038 1073 3100 fe·

94 3124 217 3198 socerit,
235 3122 334 3187 faciat.
382 3062 490 3205 lleque
509 3124 588 3185 enim
612 3123 735 3185 scientia
759 3123 852 3184 modo
872 3136 990 3183 constat
1005 3141 1089 3184 ora··

130 3221 187 3284 tor,
201 3227 278 3290 quae
294 3222 417 3292 augetur
432 3208 527 3284 annis,
540 3209 593 3270 sed
609 3229 699 3284 voce,
711 3207 815 3282 latere,
828 3206 963 3268 firmitate
978 3227 986 3282 ;
1009 3208 1074 3292 qui·

129 3292 184 3357 bns
200 3291 299 3356 fractis
321 3307 370 3356 aut
393 3293 552 3356 imminutis
572 3308 668 3356 aetate
689 3315 742 3355 seu
764 3292 943 3370 valetudine,
961 3314 1072 3356 caven·

131 3379 201 3441 dum
221 3395 278 3456 est,
297 3379 420 3462 nequid
442 3379 471 3439 in
490 3393 606 3441 oratore
628 3399 745 3440 summo
760 3377 959 3456 desideretur,
977 3401 1015 3441 ne
1030 3379 1073 3440 in-

130 3464 259 3528 tersistat
282 3463 430 3547 fatigatus,
448 3485 485 3524 ne
508 3485 585 3546 quae
603 3463 686 3526 dicct
707 3480 813 3547 parum
835 3463 930 3527 audiri
953 3463 1071 3538 sentiat,

96 3567 169 3611 aona
185 3572 218 3613 se
234 3564 355 3633 quaerat
372 3549 512 3633 priorem.
1015 3555 1019 3564 '

174 3634 248 3698 Vidi
264 3658 322 3719 ego
337 3637 424 3718 longe
441 3634 583 3711 omnium,
598 3655 673 3718 quos
689 3634 760 3696 mihi
777 3651 961 3717 cognoscere
977 3630 1072 3694 conti·

128 3720 181 3804 git,
199 3743 347 3785 summum
363 3734 522 3798 oratorem,
540 3719 711 3784 Domitium
727 3719 836 3784 Afrum
851 3718 940 3781 valde
955 3737 1071 3794 sanem,
