2459 4200
168 285 211 346 78
458 295 496 339 rr.
516 295 611 338 sssu
629 291 855 346 susurremus

316 447 426 496 Arcades
437 445 468 496 trd
480 453 562 510 portus
574 460 654 494 ruere.
663 471 730 482 -

169 567 245 632 Mihi
268 569 345 631 hanc
369 567 490 649 figuram
514 587 581 628 esse
606 562 698 646 magis
721 562 831 646 placet.
878 555 945 620 Illic
962 556 1111 640 ergored·

169 656 265 718 detur.
314 651 408 715 Aliud
424 651 513 713 etiam
532 649 701 731 intelligitur
716 669 756 709 ex
771 646 841 723 alio,

318 781 421 856 Aspice,
433 797 512 838 eratus
521 787 582 852 jugo
593 785 702 836 referunt
713 799 832 848 suspensa
840 781 952 846 juvenci,

170 913 247 976 unde
259 925 383 996 apparet
398 925 518 972 noctem
534 907 782 992 appropinquare.
820 903 857 966 Id
871 902 976 966 nescio
991 923 1029 963 an
1044 922 1111 964 ors·
1131 922 1146 964 s
1221 938 1222 957 r

170 998 225 1060 tori
249 995 419 1072 conveniat,
437 995 492 1057 nisi
515 994 543 1055 in
566 992 811 1075 argumentando,
835 1010 906 1052 cum
933 987 977 1050 rei
995 987 1113 1068 signum

170 1097 225 1145 est.
276 1081 340 1145 Sed
357 1082 415 1142 hoc
432 1080 469 1142 ub
486 1078 663 1142 elocutionis
677 1077 791 1138 ratione
807 1075 905 1137 distat.

212 1166 280 1230 Nec
306 1166 411 1249 procul
437 1166 474 1227 ab
489 1165 548 1226 hoc
572 1184 681 1246 genere
704 1161 833 1224 discedit
853 1173 1018 1236 μετωνυμια,
1034 1177 1114 1242 quae

170 1267 216 1315 est
230 1251 363 1312 nominis
381 1270 439 1331 pro
455 1250 574 1311 nontinc
594 1247 704 1329 positio
718 1269 728 1322 ,·
752 1246 896 1330 cujusvis
912 1259 968 1322 est,
989 1267 1044 1329 pro
1060 1264 1115 1322 eo,-

170 1338 250 1422 quod
276 1336 393 1411 dicitur,
421 1357 553 1411 causam,
579 1348 809 1416 propterquam
831 1331 948 1407 dicitur,
975 1348 1148 1413 ponerent

171 1422 236 1496 sed,
255 1435 286 1483 ut
309 1421 350 1482 sit
374 1421 500 1496 Cicero,
518 1425 675 1498 ὑπαλλαγὴν
702 1419 835 1479 rhetores
862 1416 974 1478 dicunt.
1022 1414 1149 1493 Haec,
1221 1470 1222 1475 ,

171 1505 288 1566 inventa
307 1505 344 1565 ab
361 1505 526 1581 inventore,
544 1517 574 1565 et
594 1503 729 1586 subjecta
750 1501 788 1564 ab
809 1501 1008 1564 obtinentibus
1024 1501 1115 1584 signi·

163 1589 240 1650 :licat
256 1609 263 1648 :
288 1601 329 1666 ut,
352 1588 493 1650 Cererem
509 1597 682 1669 corruptam
698 1587 814 1648 undis:
837 1597 865 1647 ct

348 1793 427 1842 Terra
438 1791 569 1856 Neptunus
582 1791 674 1840 classes
686 1732 934 1856 Aquilonilrerididildiet.

163 1915 266 1985 'Quod
283 1914 315 1976 fit
329 1928 409 1976 retro
426 1915 535 1976 durius.

214 1997 323 2060 Refert
338 2013 447 2075 autem,
466 2000 494 2059 in
510 2013 651 2080 quantum
667 1998 765 2060 dictus
784 2012 886 2081 tropus
902 2011 1052 2060 oratorem
1067 2021 1118 2062 se·
1221 1986 1222 1995 ἵ

172 2098 286 2169 quatur.
333 2082 423 2157 Nam,
442 2083 665 2167 utVulcunum
689 2105 742 2166 pro
763 2083 830 2167 igne
855 2083 942 2167 vulgo
965 2083 1116 2164 audimus,
1221 2094 1222 2122 ³

172 2183 213 2247 et,
230 2169 316 2231 uario
332 2168 439 2231 Marte
459 2178 642 2251 pugnatum,
660 2169 790 2232 eruditus
812 2185 857 2233 est
878 2191 990 2247 sermo,
1007 2183 1038 2231 et
1059 2170 1119 2231 Ve-
1221 2169 1222 2220 Ῡ

172 2274 384 2339 utrumquem
400 2255 525 2332 coitum,
539 2255 652 2318 dixisse
668 2254 761 2337 magis
777 2256 890 2319 decet:
914 2256 953 2317 ita
970 2255 1153 2319 Liberum'sr
1221 2241 1222 2286 t

173 2357 203 2406 et
222 2342 363 2404 Cererem
379 2362 434 2427 pro
451 2342 566 2403 vincet
587 2362 664 2425 pane
683 2341 830 2417 licentius,
847 2363 935 2425 quam
951 2356 981 2403 ut
996 2340 1052 2403 sori
1068 2363 1120 2404 se-

174 2428 282 2491 veritas
298 2426 382 2491 serat.
434 2426 521 2491 Sicut
536 2448 575 2487 ex
594 2448 644 2501 eo,
662 2428 742 2508 quod
758 2427 936 2504 continetur,
952 2449 1023 2489 usus
1038 2427 1119 2489 reci·

172 2514 216 2596 pit
231 2513 301 2574 benc
317 2522 448 2572 moratos
463 2511 562 2586 urbes,
574 2525 604 2571 et
615 2512 761 2590 poculum
776 2522 905 2591 epotum,
919 2526 949 2574 et
963 2513 1123 2574 sacculum

173 2596 267 2677 felic.
316 2594 361 2657 At
382 2595 424 2671 id,
441 2594 522 2675 quod
545 2606 649 2655 contra
672 2608 729 2670 est,
746 2616 813 2656 raro
836 2598 945 2659 audeat
966 2598 1044 2680 quis,
1060 2597 1122 2661 nisi
1221 2627 1222 2630 ¹

165 2683 275 2762 ··poir'ta,
1127 2709 1155 2749 ω

362 2808 427 2817 -—
436 2780 486 2843 jam
499 2779 623 2843 proximus
635 2781 705 2829 ardet
716 2781 849 2845 Ucalegon.

172 2900 238 2963 Nisi
250 2898 326 2962 sorte
341 2899 400 2961 hoc
418 2900 513 2981 potius
530 2913 615 2975 est,u
633 2920 817 2982 possessore,
829 2902 910 2981 quod
926 2902 1123 2983 possidetur:
1221 2893 1223 2933 i

162 3000 204 3049 ,ut
226 2986 376 3048 hominem
397 2984 551 3061 devorari,
567 2982 652 3067 cujus
679 2983 887 3066 patrimonium
913 3002 1123 3057 consumatur.
1221 2941 1223 3100 i

166 3070 246 3145 ,Quo
277 3072 367 3134 modo
383 3070 455 3133 frunt
485 3069 711 3132 innumerabiles
741 3070 873 3153 species.
921 3068 1022 3155 Hujus
1038 3073 1124 3137 enim

160 3162 240 3221 'sunt
261 3157 389 3240 generiS,
414 3176 504 3237 quum
527 3156 565 3217 ab
589 3154 744 3217 Annibale
772 3176 858 3217 caera
881 3156 964 3239 apud
991 3156 1157 3222 caumas
1221 3153 1222 3160 ἵ

155 3243 332 3321 ‚scoecgirrtu
347 3242 448 3301 millio
464 3242 591 3303 dicimus
606 3262 613 3301 ε
638 3255 668 3304 et
683 3241 763 3324 apud
781 3242 931 3325 Tragicos
946 3242 985 3304 ab
1001 3241 1120 3325 Aegia-

174 3326 244 3385 leo:
268 3337 299 3385 et
328 3325 467 3384 tormine
503 3326 683 3405 Virgilium,
711 3329 825 3389 venisse
854 3338 1044 3405 commeatus,
1067 3330 1120 3411 qui

174 3408 355 3471 offerantur:
378 3407 574 3489 sucmlegium
590 3409 815 3491 deprehensum,
832 3433 892 3474 non
913 3413 1091 3497 sacrilegum
1110 3436 1118 3476 :
1221 3425 1223 3440 '

164 3512 329 3557 Armorum
344 3492 501 3553 scientiam
517 3494 638 3571 habere,
649 3518 708 3557 non
724 3496 805 3558 artis.

219 3577 298 3642 Illud
319 3598 437 3662 quoque
460 3591 490 3640 et
512 3580 612 3661 poetis
639 3595 670 3643 et
695 3580 860 3645 oratoribus
884 3581 1035 3667 frequens,
1057 3604 1155 3668 quom
