2459 4200
355 285 507 328 senecas
526 283 677 337 cuman
693 285 831 330 carran.
1037 269 1077 332 tt

134 434 202 512 tius,
213 455 306 518 quarn
321 447 494 497 retrorsum.
535 433 696 506 Quaedam
711 433 816 496 ordino
828 447 994 532 penuunto
1007 435 1080 502 duat

133 539 344 603 supervacua:
369 517 524 600 utsratrca
536 520 665 604 gemini.
712 517 792 582 Nam
814 541 838 582 sr
882 523 1082 586 successerint

128 601 385 687 gamini,fratrea
396 605 507 676 addere
523 627 582 668 non
598 620 645 668 est
659 624 797 667 necesse.
837 541 893 667 Ida
904 605 1079 692 nimiaquo·

133 689 259 752 rundam
275 688 328 752 suit
344 689 525 769 observatio,
542 705 574 754 ut
589 688 735 753 voeabula
750 689 862 766 verbis,
873 691 966 753 verba
979 713 1079 758 rursus

111 773 297 851 sadverbiis,
313 775 433 838 nomina
449 775 592 860 appositis
608 790 639 839 et
674 774 877 838 ronominibus
898 789 998 840 essent
1019 778 1080 860 pri·

137 879 201 920 ora.
248 858 327 922 Nam
342 860 374 922 fit
390 877 494 924 contra
510 882 628 945 quoque
651 797 820 945 diequenter
842 881 901 922 non
923 859 1077 926 indecore.

134 942 203 1006 Nec
218 966 278 1006 non
295 959 325 1008 et
346 945 417 1008 illud
438 947 546 1010 nimiae
568 945 796 1030 superstitionis,
813 945 855 1008 uti
870 967 1008 1030 quaeque
1022 947 1080 1011 sint

133 1043 284 1114 tempore,
302 1052 337 1093 ea
360 1029 461 1094 facere
476 1032 565 1095 etiam
589 1032 693 1095 ordine
717 1031 836 1117 priora:
859 1053 918 1094 non
934 1032 1004 1117 quin
1020 1031 1078 1096 sto·

134 1130 259 1197 quanter
274 1115 312 1178 sit
327 1117 386 1180 hoo
403 1117 519 1195 melius,
533 1119 587 1180 sed
600 1118 667 1200 quia
682 1116 798 1180 interim
814 1117 880 1200 plus
895 1118 995 1182 valent
1010 1132 1078 1182 ante

99 1225 129 1264 ro
136 1213 233 1284 gesta,
250 1200 379 1285 ideoque
395 1201 555 1266 levioribus
572 1202 799 1285 superponenda
813 1215 891 1264 sont.

182 1284 286 1348 Verbo
302 1309 420 1350 sensum
437 1288 572 1364 cludere,
585 1287 689 1361 multo,
701 1285 726 1348 si
742 1285 924 1368 compositio
939 1285 1078 1368 patiatur,

136 1370 281 1454 optimum
297 1386 353 1435 est.
401 1371 437 1435 In
454 1372 553 1436 verbis
569 1372 649 1434 enim
664 1369 810 1433 sermonis
821 1369 877 1432 vis.
928 1369 993 1434 Sed
1008 1371 1034 1432 si
1049 1370 1079 1434 id

134 1476 273 1539 asperum
291 1459 356 1536 erit,
375 1460 465 1522 cedet
479 1459 553 1520 haec
569 1458 646 1520 ratio
660 1453 800 1532 numeris,
812 1468 843 1518 ut
857 1455 891 1517 fit
905 1456 984 1539 apud
998 1477 1079 1519 surn-

134 1561 199 1604 mos
217 1541 358 1606 Graecos
375 1542 560 1628 Latinosque
576 1557 710 1606 oratores
725 1540 973 1625 frequentissime.
1003 1541 1079 1606 Sine

99 1627 226 1692 rsdnbio
249 1628 329 1690 enim
353 1651 453 1706 omne,
471 1630 551 1714 quod
581 1651 640 1692 non
670 1628 782 1703 cludet,
799 1625 983 1710 hyperbaton
1010 1641 1078 1690 est:

135 1711 232 1795 ipsum
254 1713 312 1776 hoc
336 1715 410 1778 inter
433 1728 537 1798 tropos
555 1716 604 1776 vel
625 1716 746 1796 figuras,
762 1733 838 1795 quae
861 1725 928 1774 sunt
950 1713 1077 1791 virtum,

134 1812 292 1880 receptum
305 1813 361 1862 est.
396 1799 466 1862 Non
482 1801 561 1862 enim
577 1801 613 1862 ad
630 1798 723 1882 pedes
734 1797 827 1858 verba
838 1796 974 1857 dimensa
988 1809 1078 1858 sunt:

136 1880 268 1964 ideoque
279 1905 316 1946 ex
332 1885 402 1947 loeo
417 1883 610 1954 trasseruntur
624 1883 653 1944 in
668 1881 780 1958 locum,
794 1893 827 1942 ut
837 1878 1008 1964 jungantur,
1020 1901 1080 1963 quo

137 1983 302 2050 congruunt
324 1971 476 2033 maxime:
501 1969 577 2032 siout
592 1969 622 2030 in
637 1981 782 2031 structura
802 1986 943 2028 saxomm
961 1965 1079 2030 rudium

98 2051 226 2121 suetiam
253 2053 317 2139 ipsa
342 2055 500 2120 enormitas
525 2055 647 2132 invenit,
670 2053 718 2117 cui
741 2050 896 2138 applicari,
914 2065 944 2115 ct
966 2050 996 2114 in
1018 2073 1078 2152 quo

134 2140 230 2221 possit
245 2140 392 2205 insistere.
441 2141 646 2205 Felicissimus
668 2154 767 2203 tamen
789 2159 889 2202 sermo
909 2151 967 2214 est,
983 2160 1033 2201 cur
1048 2152 1079 2201 et

134 2238 235 2288 rectus
251 2226 338 2304 ordo,
357 2242 386 2291 et
401 2241 470 2312 apta
488 2227 639 2312 junctura,
656 2240 687 2288 et
708 2246 777 2286 cum
796 2223 843 2285 his
863 2242 1004 2284 numerus
1024 2242 1078 2305 op·

135 2324 260 2391 portune
277 2313 389 2375 cadens
406 2313 538 2397 contigit.
944 2375 948 2380 ,

179 2394 342 2465 Quaedam
357 2418 430 2461 vero
451 2396 698 2479 transgressiones
719 2405 750 2455 ct
770 2392 876 2474 longae
891 2402 959 2451 sunt
978 2389 1076 2469 nimis,

99 2494 166 2543 aaut
181 2482 383 2565 superioribus
400 2484 528 2547 diximus
544 2482 637 2559 libris,
655 2495 685 2543 et
707 2477 823 2541 interim
844 2475 934 2539 etiam
952 2496 1078 2558 compo·
1144 2479 1149 2484 '

123 2564 242 2628 sitione
258 2568 397 2645 vitiosae,
415 2568 541 2651 quaein
563 2567 623 2629 hoc
647 2567 742 2650 ipsum
765 2577 914 2649 petuntur,
932 2574 965 2625 ut
980 2562 1079 2625 exsul·

135 2664 197 2713 tent
218 2666 307 2735 atque
330 2654 506 2717 lasciviant:
530 2653 632 2737 quales
655 2652 722 2715 illae
746 2649 946 2726 Maecenatis,
968 2648 1037 2712 Sole
1052 2658 1080 2710 ct

136 2754 250 2798 aurora
264 2738 371 2801 rubeat
382 2740 530 2822 plurima.
579 2739 663 2800 Iotcr
676 2757 765 2798 socru
780 2736 870 2797 movit
885 2754 966 2817 aqua
973 2732 1077 2816 fraci-

134 2839 199 2882 aoa.
246 2823 300 2883 Ne
322 2824 464 2907 exequias
481 2824 600 2907 quidem
615 2845 693 2885 uuus
707 2824 787 2884 inter
800 2821 983 2883 miserrimos
996 2820 1078 2881 vidc-

101 2926 198 2971 aorem
214 2926 305 2971 meua.
353 2909 445 2980 Quod
469 2910 544 2972 inter
566 2910 641 2972 haec
663 2909 828 2993 pessimum
843 2920 900 2983 est,
917 2905 986 2987 quia
1001 2904 1030 2965 in
1046 2926 1078 2966 re

136 2990 212 3054 tristi
227 2992 301 3054 ludit
316 2995 506 3079 compositio.

176 3076 287 3158 'Saepe
302 3092 400 3142 tamen
416 3095 461 3143 est
476 3080 638 3142 vehemens
659 3076 763 3171 aiiquis
786 3093 891 3135 sensus
914 3070 942 3129 in
961 3068 1056 3163 verbo
1070 3094 1078 3128 ε

138 3160 222 3256 quod
242 3160 266 3222 si
286 3162 315 3223 in
337 3165 435 3227 media
458 3178 541 3248 parte
564 3175 726 3224 sententiae
748 3159 829 3231 latet,
845 3152 969 3217 transire
985 3166 1079 3216 mtcn·

137 3258 252 3307 tronem
268 3260 297 3310 et
311 3250 463 3312 obscurari
479 3244 758 3331 circumjacentibus
777 3241 854 3305 solet
870 3260 878 3317 ;
903 3238 932 3301 in
948 3238 1079 3305 clausnia

101 3330 270 3413 sepositum
291 3334 453 3417 assignatur
475 3332 611 3410 auditori,
629 3345 660 3393 et
675 3329 822 3413 infigitur:
846 3327 932 3412 quale
948 3326 1017 3391 iliud
1033 3343 1079 3391 est

136 3414 310 3495 Ciceronis,
335 3420 373 3481 Ut
388 3419 443 3482 tibi
458 3438 572 3479 accessa
588 3426 659 3478 essct
673 3416 707 3477 ia
723 3425 881 3498 conspecta
892 3415 1000 3499 populi
1015 3400 1098 3509 .¹²⁰·'

137 3503 221 3564 moni
243 3522 360 3565 vomere
380 3502 537 3586 postridie.
586 3500 731 3564 Transfer
746 3502 804 3565 hoc
820 3501 966 3573 ultimum,
983 3516 1078 3556 manus

136 3586 257 3651 valebit.
305 3580 387 3651 Nam
402 3589 491 3651 totius
507 3588 613 3649 ductus
630 3586 678 3649 hic
694 3602 741 3650 est
751 3586 835 3671 quasi
851 3602 967 3654 mucro,
978 3591 1010 3638 ut
1023 3595 1078 3658 por
