2459 4200
171 292 237 355 918
459 302 495 347 st.
517 302 609 347 rtsrr
629 300 853 355 cornutorum

172 480 263 543 raquo
275 476 354 533 esse,
367 476 443 539 quae
459 478 518 517 non
534 470 596 517 tam
608 454 706 531 lactis,
717 474 808 537 quam
823 451 923 515 causis
936 472 1055 529 memo,
1066 453 1118 521 sol

171 544 293 607 honesta
310 542 391 619 fiant,
410 542 458 605 vel
481 541 587 623 turpia.
635 538 713 602 Nam
736 540 761 602 si
783 538 934 600 bominem
956 539 1117 617 occidere,
1218 567 1219 576 ¹

171 650 262 712 saepe
279 628 381 703 virtus,
399 628 508 691 liberos
524 646 645 701 necare,
660 644 868 706 nonuunquam
884 624 1119 705 pulcherrimum
1218 621 1219 628 '

172 730 217 777 est
234 736 243 791 ς
266 713 415 796 asperiora
432 710 579 797 quaedam
595 712 691 773 adbuc
708 710 801 784 dictu,
814 709 839 771 si
854 708 1024 771 communis
1038 708 1120 771 utili·

172 816 218 863 tas
233 798 377 882 exegerit,
397 798 496 861 lacere
511 796 709 859 conceditur:
733 816 770 856 ne
789 795 848 855 boo
862 794 986 875 quidem
1004 795 1141 857 audurus

173 899 221 949 est
251 886 433 959 intuendum,
451 884 568 966 qualem
598 902 720 945 causam
744 880 790 942 vir
820 880 927 955 bontra,
943 880 999 942 sed
1025 880 1120 946 etiam
1217 869 1220 918 2

172 992 276 1053 qnare,
294 983 396 1053 etqua
412 982 523 1045 mente,
541 966 691 1029 defendat.

218 1056 269 1117 Ac
301 1054 426 1137 primum
453 1053 622 1117 concedant
650 1050 722 1113 mibi
751 1070 856 1112 ornnes
882 1063 1014 1134 oportet,
1032 1050 1117 1132 quod

176 1140 349 1207 Stoicorum
369 1160 489 1222 quoque
512 1136 666 1221 asperrimi
689 1136 877 1211 confitentur,
893 1133 1042 1197 facturum
1064 1127 1120 1197 ali-x

174 1227 292 1313 quando
315 1226 410 1287 virum
433 1226 556 1300 bonum,
574 1239 605 1285 ut
628 1222 817 1284 mendacium
840 1220 933 1295 dicat,
949 1234 981 1282 et
995 1220 1151 1305 quidemr·

174 1332 383 1395 nonnunquam
404 1310 564 1373 levioribus
580 1308 679 1371 causis
695 1328 703 1368 ε
727 1322 757 1369 ut
773 1306 800 1367 in
816 1305 918 1389 pueris
937 1305 1118 1388 aegrotanti·

175 1397 241 1472 bus,
259 1397 389 1459 utilitatis
417 1416 520 1458 eorum
544 1394 637 1477 gratia
663 1393 754 1454 multa
778 1391 926 1473 fingimus,
944 1392 1036 1453 multa
1057 1412 1118 1453 non

174 1478 279 1542 lecturi
304 1480 523 1562 promittimus:
550 1480 660 1543 nedum
690 1478 715 1541 si
744 1478 783 1539 ab
805 1477 925 1540 bomine
946 1476 1119 1539 occidendo

194 1578 323 1625 rassator
345 1566 523 1627 avertendus
546 1565 594 1639 sit,
612 1579 662 1625 aut
684 1561 780 1624 bostis
806 1583 860 1645 pro
886 1562 980 1624 salute
1002 1562 1117 1644 patriae

173 1584 342 1711 lellendus:
367 1660 396 1709 ut
419 1649 490 1723 hoe,
508 1650 587 1730 quod
610 1649 682 1710 alias
705 1648 733 1708 in
758 1648 852 1709 servis
874 1668 992 1731 qnoque
1014 1668 1151 1730 repre-rs

175 1733 363 1799 bendendum
386 1747 443 1806 est,
462 1734 500 1795 sit
521 1733 592 1795 alias
618 1734 647 1795 in
673 1734 741 1815 ipso
763 1734 898 1815 sapiente
924 1733 1116 1795 laudandum.

176 1818 215 1883 Id
230 1820 254 1882 si
271 1819 447 1893 eonstiterit,
467 1820 557 1880 multa
575 1818 639 1902 jam
661 1819 751 1881 video
770 1840 862 1902 posse
877 1817 1008 1894 evenire,
1026 1838 1118 1901 prop·

175 1920 222 1967 ter
236 1926 313 1985 quae
329 1919 430 1967 orator
447 1904 522 1965 bene
543 1905 685 1986 suscipiet
700 1905 757 1965 tale
773 1924 881 1967 causae
896 1924 1001 1985 genus,
1018 1904 1116 1985 quale,

175 2002 289 2051 remota
305 1988 419 2049 ratione
434 1989 571 2059 honesta,
585 2008 643 2049 uon
659 1990 834 2071 recepisset.
875 1988 943 2051 Nec
958 1989 1019 2050 boc
1034 1988 1116 2064 dico,
1218 2031 1220 2046 .

175 2072 243 2157 quia
256 2072 423 2134 severiores
439 2072 521 2154 sequi
536 2071 634 2153 placet
649 2073 742 2154 leges,
755 2096 809 2157 pro
826 2089 921 2158 patre,
933 2072 1033 2150 fratre,
1046 2074 1150 2136 ami-sa

176 2179 214 2222 eo
226 2157 459 2242 periclitantibus
476 2177 483 2232 ;
508 2155 624 2218 tametsi
640 2178 701 2218 nou
714 2160 875 2222 mediocris
891 2160 1047 2222 haesitatio
1059 2175 1116 2236 est,

1218 1746 1220 1832 i

1218 1977 1219 2020 l

1218 2085 1220 2131 l

176 2245 244 2308 binc
271 2243 404 2330 justitiae
428 2242 579 2328 proposita
610 2241 749 2324 imagine,
769 2246 839 2307 iude
862 2246 991 2331 pietatis,
1038 2244 1119 2306 Nibil
1218 2315 1220 2334 Ι

178 2331 258 2392 dubii
282 2331 491 2416 relinquamus.
542 2327 590 2391 Sit
617 2328 721 2409 aliquis
747 2330 898 2393 insidiatus
921 2346 1059 2412 tyranno,
1076 2343 1120 2392 at·

176 2437 235 2498 que
259 2417 298 2478 ob
322 2416 350 2478 id
374 2435 465 2477 reus:
491 2429 625 2477 utrumne
647 2413 760 2475 salvum
783 2436 850 2476 eum
873 2416 955 2477 nolet
977 2415 1013 2491 is,
1031 2415 1081 2497 qui
1101 2437 1120 2476 a

176 2503 262 2564 nobis
292 2502 400 2573 finitur,
419 2499 546 2562 orator?
568 2521 616 2576 an,
638 2499 663 2562 si
694 2500 833 2560 tuendum
864 2501 1044 2584 susceperit,
1055 2503 1153 2561 'nonar

176 2601 238 2648 tam
254 2585 333 2647 salsis
349 2584 501 2657 desendet,
518 2603 606 2665 quarn
623 2585 672 2664 qui
693 2585 774 2666 apud
789 2583 909 2666 judices
925 2585 1032 2648 malam
1048 2606 1120 2647 cata

176 2689 240 2729 sam
257 2669 383 2730 tuetur?
427 2669 510 2736 Quid
533 2668 720 2748 siquaedam
740 2669 817 2729 bene
837 2667 915 2731 lacta
932 2671 1121 2733 damnaturus

177 2765 224 2812 est
234 2752 340 2833 judex,
355 2751 409 2811 nisi
426 2771 461 2810 ea
478 2773 536 2810 non
552 2773 620 2810 esse
635 2750 713 2811 lacta
730 2751 948 2815 convicerimus
966 2775 973 2813 :
997 2775 1057 2816 non
1073 2755 1122 2820 vel

175 2835 235 2896 boc
261 2835 351 2895 modo
367 2832 504 2895 ‘servabit
526 2847 626 2894 orator
648 2853 708 2892 nou
731 2833 921 2895 innocentem
942 2839 1048 2912 modo,
1065 2840 1122 2902 sed

177 2921 264 2983 etiam
280 2918 457 2981 laudabilem
473 2917 597 2980 civem?
639 2915 723 2987 Quid
739 2917 763 2978 si
780 2919 927 3000 quaedam
939 2919 1019 3003 justa
1035 2939 1153 2988 natu-sa

177 3027 221 3084 ra,
239 3007 292 3070 sed
314 3005 485 3068 conditione
509 3019 675 3087 temporum
698 3002 809 3065 inutilia
827 3002 940 3066 civitati
963 3005 1120 3072 sciemust

177 3113 275 3154 nonne
291 3106 406 3154 utemur
421 3105 484 3152 arte
500 3090 631 3167 dicendi,
648 3087 726 3150 bona
742 3089 875 3172 quidem,
894 3091 947 3153 sed
969 3092 1054 3155 malis
1074 3115 1121 3158 ar·

177 3175 255 3238 tibus
277 3175 390 3237 simili?
437 3176 489 3238 Ad
510 3177 568 3238 hoo
590 3197 683 3238 nemo
695 3175 852 3249 dubitabit,
869 3177 950 3258 quin,
968 3176 995 3240 si
1009 3200 1120 3242 nocen-

177 3274 223 3320 tes
239 3261 343 3320 mutari
362 3262 388 3320 in
406 3261 512 3322 bonam
527 3276 658 3322 mentem
673 3260 773 3343 aliquo
791 3261 886 3322 ruodo
901 3263 1026 3344 possint,
1043 3265 1120 3327 sicut

177 3363 268 3426 posse
284 3345 431 3406 interdurn
447 3346 635 3421 conceditur,
652 3345 751 3408 salvos
766 3367 834 3408 esse
850 3347 942 3429 magis
958 3370 975 3410 e
991 3349 1155 3430 republi·ss

178 3449 215 3490 ca
231 3427 279 3503 sit,
298 3448 385 3525 quam
409 3429 514 3510 punici.
564 3431 600 3498 Si
621 3432 731 3513 liqueat
751 3431 837 3516 igitur
852 3433 974 3509 oratori,
990 3431 1120 3501 futurum
1215 3430 1220 3451 ⁴

177 3515 288 3576 bonum
304 3533 411 3589 virum,
429 3515 478 3574 cui
492 3535 562 3576 vera
581 3514 769 3599 objicientur,
788 3539 846 3578 non
869 3518 901 3578 id
919 3532 998 3600 aget,
1015 3531 1045 3579 ut
1060 3519 1119 3581 sal-

178 3621 239 3663 vusv
249 3598 314 3664 sit?
358 3595 411 3662 Da
427 3617 516 3674 nunc,
533 3612 566 3661 ut
580 3601 704 3663 orirnioc
722 3600 879 3665 manifesto
895 3616 1046 3686 matur
1058 3605 1119 3672 tbrx
