2459 4200
340 300 494 370 sanaem
512 300 661 355 euentu
678 302 814 347 eterra.
1002 290 1063 350 179

120 450 146 514 ri
161 472 282 514 sensum
298 450 476 515 incrementi
493 474 552 515 non
573 454 690 533 afferat,
707 455 737 516 in
757 471 903 518 summam
918 455 955 519 ad
971 456 1063 519 inlini·

120 549 182 599 turn
198 558 293 619 usque
314 539 491 619 perveniat:
516 553 546 601 et
569 541 691 623 poetica
715 541 807 623 prius,
824 554 886 603 tum
902 557 1063 621 oratorum,

119 622 283 685 novissime
305 622 395 684 etiarn
417 624 556 686 solutiora
579 626 720 702 numeris,
739 640 770 687 et
789 626 882 708 magis
898 628 935 688 ab
951 650 1004 689 usu
1020 628 1064 690 di·

121 707 209 769 cendi
226 722 352 786 remota,
365 709 461 790 qualia
478 724 544 771 sunt
554 710 843 794 jurisconsultorum.
884 710 1066 776 Difficiliora

98 792 202 853 senim
219 792 327 855 debent
350 814 430 870 esse,
448 814 522 877 qnae
542 810 697 874 exercent,
714 816 775 879 qno
794 796 832 858 sit
852 795 946 858 levius
967 796 1066 880 ipsum

121 876 206 955 illud,
224 876 251 939 in
270 878 351 960 quod
372 894 536 941 exercent:
560 894 592 943 ut
615 881 743 944 athletae
767 881 947 964 ponderibus
970 882 1066 965 plum·

121 962 187 1023 beis
202 962 403 1025 assuefaciunt
423 985 538 1043 manus,
557 966 663 1049 quibus
678 966 781 1029 vacuis
801 979 831 1028 et
851 967 936 1030 nudis
955 967 984 1029 iu
999 989 1065 1030 cer·

121 1047 231 1109 tamine
248 1049 389 1110 utendum
406 1064 461 1111 est.

165 1131 235 1195 Nou
262 1134 397 1195 omittam
424 1135 525 1212 etiarn,
543 1138 624 1218 quod
647 1136 825 1219 quotidianis
852 1138 1066 1221 experimentis

87 1218 364 1300 indeprehenditur,
387 1219 507 1281 minime
531 1221 651 1282 fidelem
677 1242 745 1281 esse
767 1222 866 1303 paullo
887 1220 1066 1283 tardioribus

121 1302 246 1385 ingeniis
263 1318 415 1365 recentem
432 1305 616 1367 memoriam.
666 1304 779 1366 Mirum
795 1305 878 1367 dictu
893 1320 950 1383 est,
964 1327 1021 1367 nec
1038 1305 1067 1366 in

122 1402 262 1471 promptu
273 1388 360 1465 ratic,
373 1404 511 1471 quantum
526 1410 587 1451 nox
604 1389 777 1472 interposita
792 1390 897 1452 afferat
908 1390 1065 1469 firmitatis,

122 1473 187 1535 sive
202 1474 362 1556 requiescit
377 1475 461 1537 labor
476 1475 536 1553 ille,
554 1474 640 1560 cnjus
662 1476 717 1538 sibi
739 1475 804 1559 ipsa
819 1474 951 1559 fatigatio
966 1476 1065 1539 obsta·

122 1558 185 1635 bat,
211 1558 276 1621 sive
303 1560 577 1642 concoquitur=seu
608 1575 780 1640 maturatur,
801 1583 876 1645 qnae
900 1562 1067 1625 firmissima

88 1643 189 1727 noejus
206 1664 274 1727 pars
296 1657 352 1721 est,
370 1646 564 1709 recordatio:
589 1669 666 1729 quae
687 1647 786 1710 statim
806 1647 909 1711 reserri
930 1670 988 1710 uon
1012 1653 1065 1731 pd-

120 1742 230 1805 terant,
242 1744 439 1791 contexuntur
454 1745 574 1814 postera
587 1733 647 1807 die,
659 1734 875 1813 confirmatque
891 1733 1067 1793 memoriam

122 1813 204 1875 idern
225 1814 295 1877 illud
316 1830 445 1898 tempuS,
464 1818 543 1898 quod
563 1838 630 1877 esse
651 1818 680 1877 in
695 1836 784 1877 causa
803 1816 881 1877 solet
895 1815 1079 1877 oblivionis..

122 1897 226 1961 Etiam
242 1899 288 1962 illa
304 1901 467 1983 praevelox
482 1900 544 1962 fere
561 1900 623 1962 cito
638 1901 744 1978 effluit,
761 1913 804 1977 et,
822 1900 1067 1987 velut-praesenti

123 1984 227 2046 officio
242 1982 340 2048 functa
355 1986 425 2047 nihil
441 1986 637 2069 inposterum
653 1986 773 2063 debeat,
790 1999 929 2070 tanquam
946 1986 1068 2049 dimissa

88 2070 263 2134 endiseedit.
309 2070 377 2134 Nec
399 2086 444 2136 est
466 2072 583 2151 mirum,
602 2074 694 2158 magis
717 2073 841 2137 haerere
864 2073 973 2153 auimo,
991 2094 1068 2158 quae

124 2156 233 2219 diutins
249 2159 338 2220 affixa
354 2159 421 2221 sint.

168 2241 219 2304 Ex
240 2243 297 2305 hac
319 2243 501 2325 ingeniorum
517 2244 688 2305 diversitate
708 2256 777 2304 nata
792 2242 937 2304 dubitatio
953 2256 1009 2316 est,
1026 2242 1067 2301 ed

122 2327 244 2388 verbnm
259 2329 298 2390 tit
313 2329 503 2390 ediscendum
519 2327 658 2403 dicteria,
676 2347 716 2386 an
729 2327 791 2386 vim
805 2326 891 2386 modo
906 2345 1008 2385 rerum
1022 2334 1067 2386 et-

124 2432 180 2495 que
195 2414 331 2475 ordinem
348 2413 502 2494 complecti
517 2412 645 2473 satiarit
660 2433 669 2471 .·
694 2411 732 2472 de
748 2431 807 2492 quo
823 2409 887 2470 sine
903 2409 993 2470 dubio
1007 2429 1067 2470 non

88 2511 224 2580 espotest
239 2499 269 2560 in
283 2499 454 2560 universum
469 2496 668 2580 pronunciari.

167 2581 246 2645 Nam
263 2584 287 2644 si
303 2583 445 2644 memoria
462 2583 649 2665 suffragatur,
662 2594 781 2664 tempus
797 2601 856 2642 non
873 2576 975 2656 deluit,
990 2577 1068 2641 nulla

123 2689 173 2730 me
188 2667 280 2728 velim
295 2666 408 2747 syllaba
424 2665 566 2748 effugiat:
590 2667 698 2749 alioqui
714 2666 803 2729 etiam
819 2665 951 2729 scribere
967 2665 1005 2729 sit
1019 2687 1068 2728 su-

122 2771 317 2836 pervacuum.
366 2750 462 2834 quue
477 2752 638 2836 praecipue
654 2775 671 2815 a
686 2752 785 2836 pueris
801 2751 1006 2831 obtinendum,
1024 2766 1068 2816 at·

123 2857 183 2919 que
199 2834 228 2896 in
244 2834 318 2898 hanc
334 2837 579 2901 consuetudinem
601 2838 745 2901 memoria
761 2837 975 2902 exercitatione
990 2839 1067 2901 redi-

89 2921 233 3005 aogeuda,
252 2943 288 2984 ne
311 2922 399 2984 nobis
416 2922 564 2986 discamus
589 2925 755 3010 ignoscere.
804 2923 941 3005 Ideoque
965 2937 994 2983 et
1016 2923 1068 2984 ad·

123 3006 252 3082 moneri,
270 3021 300 3068 et
316 3007 352 3070 ad
372 3007 502 3069 libellum
517 3009 670 3091 respicere
684 3007 835 3082 vitiosum,
853 3007 934 3086 quod
949 3005 1068 3065 liberta·

124 3105 187 3155 tem
210 3091 404 3174 negligentiae
426 3091 509 3169 facit,
526 3113 583 3154 nec
607 3092 762 3174 quisquam
785 3110 818 3151 se
840 3110 944 3172 parum
966 3101 1069 3150 tenere

120 3176 250 3265 judicat,
268 3177 361 3258 quod,
379 3199 416 3238 ne
437 3176 493 3239 sibi
512 3176 645 3252 excidat,
661 3197 721 3237 non
741 3174 835 3236 timet.
883 3171 960 3236 Inde
980 3172 1069 3236 inter-

36 3290 40 3296 ·
125 3275 228 3345 ruptus
244 3261 370 3324 actionis
386 3262 525 3346 impetus,
543 3254 573 3324 et
588 3261 728 3324 resistens
744 3281 781 3323 ac
797 3259 946 3323 salebrosa
962 3258 1068 3341 oratio,

92 3360 157 3411 aret
172 3345 222 3430 qui
239 3347 311 3410 dicit
331 3348 476 3410 ediscenti
497 3347 719 3424 similis,·etiam
739 3367 859 3409 omnem
876 3347 955 3410 bene
975 3348 1069 3432 scrip·

127 3444 225 3494 torum
247 3433 371 3516 gratiam
393 3433 491 3518 perdit
512 3434 561 3496 vel
584 3433 643 3495 hoo
666 3431 744 3516 ipso,
761 3433 842 3515 quod
864 3432 1021 3516 scripsisse
1036 3453 1070 3494 se

129 3519 294 3580 confitetur.
343 3518 493 3582 Memoria
509 3533 608 3582 autem
623 3517 695 3580 lacit
712 3519 803 3582 etiam
817 3519 946 3604 prompti
961 3515 1070 3598 ingenii
1118 3531 1131 3560 ²

129 3599 249 3682 lamam,
260 3617 292 3668 ut
307 3605 367 3684 illa,
381 3627 457 3690 qnae
474 3605 612 3683 dicimus,
625 3625 685 3667 non
698 3605 790 3669 domo
804 3605 948 3680 attulisse,
959 3601 1014 3664 sed
1029 3598 1070 3662 ibi
