2459 4200
358 280 510 326 snnncrn
529 281 679 334 nuncu
695 284 834 332 carran.
1040 274 1083 336 ὓ

135 449 206 510 tarn,
224 453 286 518 quo
302 445 404 496 essent
418 431 456 494 ad
471 429 619 516 agendum
634 435 820 502 erectiores:
843 452 885 516 et,
906 459 978 502 cum
1001 459 1081 506 scm·

132 541 200 582 num
216 531 368 602 peterent,
380 517 418 578 ad
431 518 556 581 eandem
574 518 654 616 prius
668 519 762 584 lenire
776 538 905 602 mentes,
916 539 961 602 nt,
971 524 1080 610 siquid

132 603 235 668 luisset
250 602 447 667 turbidiorum
463 602 690 686 cogitationum,
706 623 936 690 componerent.

175 687 297 760 Quodsi
312 687 441 750 numeris
457 709 494 751 ac
510 688 606 752 modis
622 689 699 754 inest
712 693 862 776 quaedam
875 693 966 757 tacita
981 694 1079 774 ris,in

96 797 113 834 s
135 774 267 838 oratione
283 787 329 836 est
344 772 628 837 vehementissima:
649 791 850 862 quantumque
865 777 1000 856 interest,
1011 801 1079 844 sen·

135 882 185 922 sus
205 860 284 922 idem
306 859 413 943 quibus
431 859 531 922 verbis
554 859 705 941 efferatur,
722 877 848 941 tantum,
865 863 956 926 verba
971 863 1080 928 endem

153 967 190 1008 ua
206 965 274 1008 com
298 943 426 1008 ositinne
438 944 487 1007 vel
502 944 532 1008 in
548 959 632 1008 textu
640 946 814 1032 jungantur,
825 949 875 1014 vel
886 948 916 1012 in
928 949 985 1012 line
997 949 1078 1014 clau·

130 965 245 1094 dantur.
313 1051 361 1092 am
373 1030 516 1114 quaedam
532 1045 562 1094 et
577 1033 730 1096 sententiis
746 1055 850 1118 parra,
861 1049 890 1098 et
906 1034 1078 1100 elocutione

130 1116 264 1194 modica,
281 1115 373 1178 virtus
397 1115 472 1178 haec
495 1116 559 1180 sola
581 1119 785 1182 commendat.
832 1117 976 1204 Denique
996 1121 1078 1205 qnod

97 1226 125 1266 ιο
134 1198 241 1284 cuiq'ue
252 1200 349 1264 visum
365 1200 419 1263 erit
434 1201 640 1279 vehementer,
651 1203 788 1280 dulciter,
799 1205 939 1287 speciose
949 1205 1075 1282 dictum,

133 1286 232 1350 solvat
253 1300 283 1350 et
306 1286 424 1349 turbet:
448 1285 552 1350 abierit
578 1287 674 1350 omnis
699 1287 756 1364 ris,
769 1287 953 1370 jocunditas,
970 1289 1075 1352 decor.

134 1369 233 1435 Solvit
248 1369 395 1456 quaedam
416 1393 468 1436 sua
487 1372 515 1434 in
534 1385 655 1434 oratore
669 1371 796 1448 Cicero,
812 1372 922 1455 Neque
937 1393 983 1434 me
998 1373 1077 1436 dini·

128 1456 189 1518 tine
212 1467 341 1534 movent,
358 1457 466 1540 quibui
488 1478 589 1520 ornnes
609 1455 776 1540 Africanos
795 1467 823 1518 ct
843 1455 968 1520 Lnrlt‘m
988 1459 1077 1522 multi

128 1543 270 1605 renalitit'
292 1553 525 1626 mercatoresque
541 1552 748 1626 superarint&
771 1556 802 1604 et
817 1541 1007 1627 insequentes
1022 1545 1076 1608 de·

95 1628 235 1712 reinceps
252 1628 393 1712 periodos
411 1649 418 1688 :
442 1649 514 1712 quas
531 1629 555 1692 si
571 1629 608 1692 ad
624 1628 705 1688 illum
725 1627 848 1690 modurn
865 1628 977 1707 turbes,
994 1630 1077 1692 velnt

128 1711 224 1778 hacta
250 1727 302 1776 aut
325 1727 494 1790 transversa
517 1714 574 1776 tela
600 1710 777 1807 projeceris.
825 1711 914 1774 Idem
940 1713 1074 1795 corrigit,

129 1819 206 1883 quae
221 1821 240 1861 a
255 1797 400 1862 Graccho
416 1797 584 1881 composita
599 1795 700 1858 durrus
715 1809 808 1891 putat.
856 1793 945 1890 Illum
960 1795 1052 1891 decet
1067 1819 1075 1856 :

128 1905 187 1946 nos
202 1883 260 1946 bac
279 1905 379 1946 sumus
400 1881 575 1967 probatione
596 1893 742 1954 contenti,
759 1879 842 1962 quod
864 1900 893 1940 tn
915 1879 1076 1944 scribendo

131 1988 209 2052 quae
225 1990 258 2031 se
273 1969 357 2032 nobis
373 1966 515 2032 solutiora
530 1963 711 2043 obtulerunt,
728 1963 948 2048 componimus.
989 1963 1075 2037 Quid

93 2072 120 2111 w
129 2053 209 2119 enim
224 2055 326 2118 attinet
342 2073 446 2117 eorum
461 2049 600 2133 exempla
615 2071 770 2135 quaerere,
784 2071 862 2136 qnae
876 2049 933 2115 sibi
948 2051 1074 2137 quisque

122 2140 257 2225 ,experiri
274 2137 399 2224 potest?
422 2136 493 2199 illud
509 2150 628 2199 notasse
649 2137 719 2201 satis
736 2138 846 2215 habeo,
863 2158 924 2220 quo
943 2138 1073 2220 pulchri·

128 2246 180 2289 ora
206 2239 237 2289 et
259 2245 349 2288 sensu
372 2236 403 2284 et
425 2220 593 2284 elocutione
621 2222 805 2299 dissolveris,
822 2223 883 2283 hoc
908 2221 1075 2283 orationem

128 2311 220 2393 magis
233 2307 401 2373 deformem
412 2304 475 2369 lore
490 2326 497 2366 :
514 2305 583 2390 qnia
598 2305 776 2387 negligentia
787 2304 995 2367 collocationis
1008 2304 1075 2387 ipsa

127 2395 289 2466 verborum
303 2393 371 2455 lnce
387 2390 629 2475 deprehenditur.

92 2496 121 2533 2⁵
172 2480 279 2563 Itaque
299 2492 331 2540 nt
351 2477 497 2539 confiteor
519 2496 615 2560 paene
635 2473 768 2537 ultimam
791 2473 957 2537 oratoribus
979 2488 1074 2540 artem

128 2563 362 2648 compositionis,
374 2582 451 2645 quae
463 2560 598 2646 perlecta
612 2560 662 2639 sit,
673 2559 834 2643 contigisse
851 2581 859 2621 :
876 2558 915 2624 ita
930 2560 987 2625 illis
999 2582 1073 2646 quc·

149 2672 186 2713 ne
202 2648 309 2732 priscis
325 2647 452 2711 habitam
469 2646 545 2710 inter
561 2668 660 2724 curas,
677 2646 863 2731 inquantum
883 2648 981 2711 adhuc
1004 2670 1073 2733 pro·

127 2672 272 2810 irruerant,
290 2746 373 2817 puto.
420 2731 529 2816 Neque
555 2732 633 2795 enirn
663 2732 747 2810 mihi,
785 2733 928 2797 numlibet
948 2756 1073 2819 magnus

127 2834 243 2897 auctor,
261 2817 377 2882 Cicero
392 2817 582 2901 persuaserit,
601 2816 740 2902 Lysiam,
759 2754 965 2897 herodotum,
985 2819 1072 2883 Thn-
1141 2871 1145 2876 ,

92 2904 281 3003 ancpdidem,
299 2925 404 2987 parurn
425 2902 573 2967 studiosos
590 2902 654 2988 ejus
671 2902 772 2968 fnisse.
821 2904 929 2968 Genus
945 2903 1073 2967 fortasse

126 3004 184 3055 arnt
208 2988 305 3055 secuti
331 3010 390 3052 non
414 2989 506 3067 idem,
523 2990 603 3073 quod
627 2988 868 3064 Demosthenes,
884 3002 935 3050 aut
957 2987 1073 3060 Plat03

126 3095 296 3161 quanquam
312 3088 342 3137 et
363 3074 382 3135 ii
406 3074 462 3157 ipsi
486 3074 561 3139 inter
584 3094 623 3143 se,
640 3071 797 3133 dissimiles
819 3069 946 3130 lnerrmt.
992 3066 1074 3129 Nam

127 3178 229 3241 neque
243 3159 313 3221 illud
336 3159 365 3222 in
388 3158 483 3243 Lysia
499 3156 620 3221 dicendi
635 3169 751 3217 textum
767 3167 855 3214 tenue
870 3165 959 3234 atquc
973 3170 1073 3215 rarum

127 3242 301 3307 laetioribus
329 3244 458 3307 numeris
489 3238 739 3325 corrumpendum
761 3250 835 3301 erat.
884 3234 1073 3303 Perdidisset

91 3328 209 3393 ssenim
230 3329 365 3412 gratiam,
383 3351 459 3413 quae
482 3328 512 3391 in
534 3350 572 3403 eo
595 3324 727 3391 maxima
748 3340 806 3402 est,
823 3323 968 3409 simplicis
982 3338 1073 3409 atque

127 3415 290 3481 maffectati
320 3415 452 3479 coloris:
484 3413 663 3497 perdidisset
692 3411 783 3475 fidem
812 3430 943 3496 quoque.
989 3408 1073 3473 Nam

127 3500 280 3565 scribebat
294 3500 370 3577 aliis,
388 3522 448 3563 non
468 3499 533 3584 ipse
549 3498 681 3573 dicebat,
698 3511 731 3561 nt
747 3498 913 3581 oportuerit
934 3515 1002 3559 esse
1019 3490 1072 3585 1111

129 3585 248 3651 rudibus
261 3599 291 3651 et
306 3584 513 3670 incompositis
530 3582 635 3647 similia
652 3604 659 3643 :
682 3584 764 3667 qnod
778 3583 876 3667 ipsum
890 3584 1070 3657 compostae

407 3674 446 3733 fl*
