2459 4200
334 293 487 338 sensura
505 293 654 347 euentu
671 296 807 342 castra.
993 281 1056 341 rte

161 443 226 510 Sed
241 465 321 506 nunc
334 465 442 527 genera
455 444 519 528 ipsa
531 443 704 524 lectionum,
717 467 793 530 quae
808 445 970 531 praecipue
981 467 1053 511 cou-

115 530 216 594 venire
236 529 469 607 intendentibus,
487 541 517 591 ut
537 543 671 594 oratores
689 531 771 608 fiant,
788 532 970 611 existimem,
986 553 1054 616 per·

168 635 234 677 uor.

113 635 264 782 squitur’
282 711 314 760 ut
330 696 442 760 Aratus
458 697 496 758 ub
511 699 584 763 Jeee
599 697 810 781 incipiendum
832 713 926 784 putat,
944 701 984 763 ita
998 721 1054 766 nos

93 783 171 846 erite
187 783 321 866 coepturi
337 782 373 844 ab
392 783 523 844 Homero
539 783 683 846 videmur.
731 783 795 848 Hic
811 785 901 863 enirn,
912 787 1054 868 quemad·

114 868 239 930 modurn
256 873 293 928 ‘ee
316 887 426 928 oeeuue
448 867 520 930 dicit
542 867 606 951 ipse
629 869 765 930 emnium
786 871 847 931 uim
860 867 1054 953 sentiumque

115 972 222 1015 eureus
232 952 356 1014 initium
372 971 488 1034 capere,
501 952 636 1015 omnibus
652 953 838 1037 eloquentiae
853 955 985 1038 partibus
1002 977 1054 1018 ex·

115 1037 248 1120 emplum
264 1050 294 1099 et
312 1049 408 1099 ortum
425 1037 515 1098 dedit.
564 1036 658 1099 Hune
677 1059 767 1101 nemo
786 1039 816 1100 in
836 1040 949 1124 magnis
965 1042 1054 1108 rebus

115 1122 307 1200 sublimitate,
327 1121 356 1183 in
386 1120 484 1206 parvis
514 1121 697 1206 proprietate
726 1125 919 1207 superaverit.
967 1126 1055 1190 Idem

82 1207 211 1270 rulaetus
234 1227 270 1270 ac
294 1227 424 1290 pressus,
438 1205 588 1290 jucundus
611 1219 642 1268 et
664 1207 773 1289 gravis,
789 1222 852 1270 turn
874 1210 974 1292 copia,
992 1225 1055 1274 tum

114 1291 259 1355 brevitate
275 1291 414 1353 mirabilis
432 1311 439 1351 ι
462 1311 519 1352 nee
534 1291 655 1371 poetica
672 1292 774 1367 modo,
788 1293 841 1356 sed
857 1293 985 1355 oratoria
997 1294 1055 1356 vir·

115 1389 179 1440 tute
194 1376 453 1452 eminentissimus.
801 1443 812 1454 ‚

158 1461 237 1524 Nam
253 1475 285 1524 ut
301 1461 339 1523 de
357 1460 503 1537 laudibus,
521 1460 785 1540 exhortationibus,
802 1463 1053 1528 consolationibus

114 1541 232 1609 taceam
249 1568 257 1608 z
279 1566 377 1608 noune
392 1546 440 1608 vel
454 1567 547 1608 nonus
563 1546 649 1623 liber,
666 1567 725 1630 quo
740 1547 831 1611 missa
845 1549 884 1611 ad
901 1547 1054 1614 Achillem

82 1629 225 1714 mlegatio
240 1631 417 1707 continetur,
435 1631 483 1694 vel
501 1631 530 1692 in
550 1631 647 1715 primo
667 1633 743 1696 inter
757 1635 850 1697 duces
865 1634 913 1696 illa
929 1649 1053 1699 conten·

29 1729 32 1734 '
115 1715 171 1795 tio,
189 1717 237 1780 vel
259 1716 357 1779 dictae
379 1715 409 1777 in
431 1716 564 1778 secundo
588 1718 762 1796 sententiae,
779 1739 884 1780 omnes
901 1718 995 1782 litium
1015 1741 1053 1782 ae

115 1802 307 1864 consiliorum
323 1801 474 1884 explicant
489 1814 566 1864 artes
584 1801 596 1861 ?
628 1800 769 1864 Affectus
781 1802 913 1884 quidem,
924 1802 973 1863 vel
987 1803 1055 1865 illos
1134 1875 1143 1884 κ

114 1887 216 1962 mites,
234 1887 282 1949 vel
303 1886 357 1948 hos
379 1886 557 1960 concitatos,
575 1905 664 1948 nemo
682 1886 737 1948 erit
756 1899 817 1948 tam
837 1885 986 1964 indoctus,
1003 1888 1055 1970 qui

113 1991 177 2033 non
193 1971 223 2032 in
238 1991 289 2032 sua
303 1983 450 2054 potestate
464 1971 542 2033 huno
558 1985 711 2034 auctorem
727 1971 865 2035 habuisse
876 1969 1010 2036 fateatur.

82 2075 108 2117 ae
162 2055 233 2140 Age
247 2077 329 2134 vero,
347 2075 405 2118 non
420 2056 569 2140 utriusque
586 2057 686 2141 operis
701 2059 850 2141 ingressus
865 2057 894 2121 in
909 2059 1053 2143 paucissi-

116 2142 173 2205 mis
197 2142 330 2205 versibus
356 2142 454 2224 legem
480 2143 711 2225 prooemiorum,
728 2165 788 2205 non
812 2144 894 2220 dico,
912 2146 1052 2221 servavit,

116 2228 171 2290 sed
187 2226 366 2290 constituit?
399 2226 476 2289 Nam
491 2228 670 2289 benevolum
685 2228 849 2289 auditorem
865 2228 1054 2290 invocatione

116 2312 250 2389 dearum,
268 2333 341 2395 quas
361 2312 530 2396 praesidere
546 2310 660 2373 vatibus
676 2312 820 2373 creditum
842 2323 898 2386 est,
916 2323 946 2372 et
960 2311 1053 2372 inten-

115 2410 183 2460 tum
204 2398 358 2481 proposita
381 2418 479 2459 rerum
503 2395 714 2479 magnitudine,
732 2408 762 2458 et
783 2394 914 2457 docilem
940 2415 1055 2459 summa

4 2496 5 2557 ς
83 2483 256 2545 asceleriter
278 2482 494 2565 comprehensa
515 2478 596 2543 iacit.
644 2479 773 2543 Narrare
798 2500 871 2542 vero
894 2479 959 2563 quis
985 2478 1054 2542 bre·

116 2567 195 2644 vius,
212 2587 300 2649 quam
323 2567 372 2651 qui
399 2580 525 2629 mortem
551 2566 675 2630 nunciat
692 2565 837 2644 Patrocli,
855 2565 920 2649 quis
946 2564 1054 2648 signifi·

117 2652 233 2715 cantius
248 2666 358 2735 potest,
374 2672 464 2735 quam
479 2652 529 2735 qui
544 2645 691 2715 Curetum
707 2650 946 2736 Aetolorumque
966 2673 1054 2735 proe-

116 2736 190 2798 lium
205 2736 355 2820 exponit?
390 2736 472 2811 dam
492 2736 708 2815 similitudines,
725 2736 982 2821 amplificationes,
1001 2758 1054 2799 ex-

117 2821 228 2905 empla,
244 2822 405 2905 digressus,
424 2823 505 2905 signa
525 2844 624 2886 rerum
644 2837 674 2885 et
695 2837 876 2906 argumenta,
893 2836 1055 2905 ceteraque

9 2966 18 2977 ,
85 2906 263 2990 mprobandi
282 2928 318 2970 ac
336 2907 492 2985 refutandi,
511 2922 577 2971 sunt
597 2908 638 2971 ita
658 2908 761 2983 multa,
777 2920 810 2969 ut
828 2908 933 2984 etiam,
951 2907 1001 2989 qui
1016 2908 1056 2969 de

117 2991 227 3054 artibus
243 2993 434 3076 scripserunt,
446 2993 561 3075 plurimi
576 2994 680 3053 harum
690 3007 788 3053 retum
803 2987 1003 3051 testimonium
1018 2990 1056 3051 ab

117 3076 176 3139 boe
192 3080 283 3159 poeta
302 3090 411 3159 petant.
459 3074 537 3144 Nam
558 3076 691 3156 epilogus
706 3073 828 3155 quidem
842 3071 907 3151 quis
928 3088 1055 3149 unquam

118 3161 227 3244 poterit
242 3159 298 3221 illis
314 3159 427 3221 Priami
442 3159 570 3241 rogantis
589 3156 740 3219 Achillem
756 3153 894 3237 precibus
910 3152 1056 3236 aequari?

161 3241 275 3317 Quid?
305 3242 333 3305 in
355 3243 467 3321 verbis,
485 3240 648 3318 sententiis,
664 3239 775 3324 figuris,
793 3237 989 3322 dispositione
1010 3252 1056 3302 to·

88 3330 175 3393 tetius
192 3327 302 3413 operis,
319 3348 417 3405 nonne
439 3326 558 3389 humani
580 3325 686 3409 ingenii
708 3324 830 3387 modum
853 3324 1002 3389 excedit?
1024 3332 1059 3390 ut

120 3415 218 3499 magni
234 3414 271 3477 sit
285 3414 352 3492 viri,
369 3413 492 3476 virtutes
508 3411 572 3497 ejus
593 3432 652 3475 non
670 3410 879 3487 aemulatione,
895 3411 976 3495 quod
990 3411 1056 3474 fieri

118 3520 179 3563 non
196 3512 306 3583 potest,
317 3500 372 3564 sed
387 3498 536 3561 intellectu
552 3497 646 3581 sequi.
682 3496 798 3560 Vemm
813 3496 862 3559 hic
874 3518 977 3559 omnes
992 3496 1056 3557 sine

121 3584 223 3663 dubio,
241 3601 271 3648 et
291 3586 320 3649 in
341 3584 420 3649 omni
438 3604 547 3668 genere
567 3582 754 3666 eloquentiae
774 3582 880 3668 procul
899 3602 917 3643 a
936 3600 970 3643 se
987 3576 1054 3639 reli·
