2459 4200
11 1777 12 1798 2
114 1733 285 1798 enunciare.

332 270 652 324 conterendam
669 271 806 318 ouran.
1016 257 1061 322 ω

113 423 208 503 noris,
233 423 360 508 poetica
381 422 551 572 vegetibus
576 423 715 488 misceat.
768 421 811 492 Id
829 423 912 490 erin
930 423 991 492 telo
1012 440 1060 490 est

113 523 289 587 monstrum,
308 509 395 592 quale
455 508 566 574 oratius
589 509 619 573 io
640 509 738 594 prim
755 522 842 595 petto
855 509 922 576 libri
938 511 980 576 de
993 525 1059 584 orte

11 618 14 626 ¹
112 594 235 680 poetica
251 593 346 678 fingit,

314 713 432 764 Humano
444 714 517 780 copiti
528 715 651 766 corticem
661 715 740 782 pictor
751 716 867 782 equinum

92 805 106 842 5
314 781 422 847 langere
434 781 455 830 tl
467 781 535 840 velit,
545 809 611 822 —-
620 811 687 826 -ι-

11 922 13 946 .
114 897 145 947 et
160 898 260 948 cetera
274 903 314 946 ex
330 883 456 948 diversis
470 885 580 948 naturis
596 885 745 972 subjiciat.

162 965 314 1031 ornatum
330 982 387 1046 est,
404 971 486 1052 quod
509 971 670 1056 perspicuo
690 993 726 1036 ac
747 969 894 1056 probabili
914 971 985 1056 plus.
999 987 1055 1038 est.

114 1053 190 1138 Ejus
218 1053 306 1136 primi
331 1068 398 1116 sunt
423 1055 529 1136 gradus
552 1055 581 1118 in
605 1077 655 1134 eo,
672 1057 754 1140 quod
775 1056 862 1134 velis,
888 1057 1058 1144 exprimen-

114 1140 165 1214 do,
183 1137 464 1223 concipiendoque:
488 1141 604 1218 tertius,
622 1142 672 1225 qni
694 1142 771 1205 haec
791 1141 928 1206 nitidiora
942 1142 1057 1218 saciat3

11 1275 12 1290 ,
82 1224 201 1306 roqnod
227 1223 347 1306 proprie
374 1224 485 1287 dixeris
509 1225 634 1286 cultum.
690 1225 798 1309 Itaque
823 1235 982 1308 ἐνάργειαν,
1005 1250 1058 1290 cu·

11 1293 13 1370 l
110 1308 162 1392 jus
179 1309 209 1370 in
223 1308 390 1390 praeceptis
413 1309 587 1372 narrationis
608 1308 668 1372 feci
690 1310 884 1388 mentionem,
901 1312 971 1410 qnia
992 1311 1059 1396 plus

11 1409 12 1412 ’
114 1407 160 1460 est
182 1393 344 1471 evidentia,
366 1395 427 1470 vel,
446 1407 477 1456 ut
503 1394 551 1457 alii
578 1394 691 1472 dicunt,
709 1405 953 1478 repraesentatio,
970 1417 1059 1482 quam

11 1485 12 1534 ξ
110 1478 326 1576 perspicuitas,
345 1491 375 1540 et
394 1478 464 1541 illud
486 1492 578 1562 petet,
595 1479 655 1545 hoc
670 1501 704 1543 se
719 1480 943 1564 quodammodo
957 1497 1058 1546 osten·

114 1565 173 1639 dr't,
186 1577 262 1624 rnt‘er
284 1570 458 1628 ornamenta
479 1585 635 1648 ponamus.
683 1563 795 1653 Magna
808 1566 901 1629 virtus
919 1581 977 1646 est,
993 1589 1060 1646 res,
1159 1622 1168 1632 .

83 1669 107 1709 1⁵
115 1647 153 1710 de
178 1648 284 1731 quibus
311 1647 469 1794 lolguimur,
498 1650 589 1726 clare,
619 1664 708 1734 etque
735 1663 765 1712 ut
789 1652 874 1714 cerni
890 1652 1057 1730 videantur,

364 1753 403 1794 on
429 1733 508 1795 enirn
534 1734 604 1796 satis
632 1735 736 1813 efficit,
761 1756 871 1825 neque,
896 1749 929 1802 ut
955 1737 1056 1812 debet,

114 1818 204 1900 plane
225 1817 392 1879 dominatur
412 1819 519 1893 oratio,
537 1819 562 1880 si
580 1840 674 1904 usque
693 1819 731 1880 ad
751 1839 837 1881 aures
859 1818 949 1895 valet,
970 1832 1059 1905 etque

11 1885 12 1970 J
117 1923 154 1964 ea
173 1902 231 1964 sibi
249 1901 354 1984 judex,
373 1903 533 1985 dequibus
556 1902 723 1986 cognoscit,
740 1903 856 1968 otmari
874 1901 982 1980 credit,
999 1923 1060 1966 non

117 1986 256 2070 exprimi,
275 2001 304 2050 et
323 1986 418 2050 oculis
439 1987 545 2052 mentis
566 1987 694 2049 ostendi.
743 1985 820 2064 S'ed,
838 1987 978 2077 quoniam
993 1988 1058 2074 plu·

11 2120 12 2129 ,
84 2071 197 2135 mribus
221 2072 318 2135 modis
341 2070 440 2156 accipi
458 2073 546 2151 solet,
568 2093 628 2135 non
651 2072 790 2161 equidem
812 2072 842 2136 in
863 2095 968 2138 omnes
991 2095 1059 2137 eam

11 2158 12 2201 ἶ
116 2158 274 2239 particulas
290 2158 546 2239 secabo,quarum
562 2158 718 2219 ambitiose
734 2158 941 2242 aquffiusdam
955 2180 1058 2220 nume·

116 2262 164 2303 rus
179 2256 313 2323 augetur,
326 2242 380 2303 sed
396 2241 526 2306 maxime
542 2241 727 2303 necessarias
743 2241 893 2326 attingam.
932 2240 991 2302 Est
1006 2241 1059 2325 igi·

11 2366 13 2399 ,
118 2340 163 2387 tur
187 2348 277 2389 unum
303 2346 407 2409 genus,
425 2346 485 2410 quo
508 2338 570 2391 totu
591 2344 690 2387 rerum
717 2323 815 2404 imago
838 2325 1060 2412 quodammodo

11 2430 13 2499 ξ
116 2412 215 2475 verbis
231 2411 408 2500 depingitur.
946 2408 950 2424 ‘

85 2547 111 2588 25
271 2531 385 2581 Constitit
396 2531 421 2579 in
433 2530 520 2597 digitos
532 2528 660 2593 extemplo
671 2535 780 2578 enectus
792 2534 905 2592 uterque,

117 2654 149 2703 et
162 2654 274 2719 cetera,
286 2661 362 2725 quae
378 2640 463 2701 nobis
479 2639 556 2703 illam
572 2638 705 2722 pugilum
719 2637 973 2721 congredientium
987 2636 1059 2704 laci·

118 2746 171 2788 em.
192 2726 233 2787 ita
252 2726 422 2802 ostendunt,
440 2739 471 2787 ut
494 2746 553 2787 non
569 2724 676 2787 clarior
697 2721 796 2787 lutura
814 2721 902 2787 fuerit
920 2738 1060 2822 spectan-

117 2810 205 2873 tibus.
254 2810 422 2874 Plurimum
446 2809 475 2873 in
499 2811 557 2873 hoc
580 2832 701 2893 genere,
719 2810 842 2878 sicutin
856 2824 979 2888 ceterrs,
996 2832 1060 2873 em·

117 2895 178 2959 inet
203 2895 329 2979 Cicero.
378 2895 431 2958 An
457 2895 615 2979 quisquam
633 2911 699 2959 tem·
717 2896 824 2980 procul
844 2917 864 2957 a
885 2894 1058 2977 concipien-

11 2982 12 3037 t
86 2980 162 3044 sodis
178 2981 355 3064 imaginibus
377 3002 476 3044 rerum
491 2981 585 3057 abest,
603 2995 722 3057 utnon,
739 3002 809 3043 cum
823 2980 871 3041 ille
886 2980 917 3039 in
929 2979 1059 3039 Verrem

117 3066 201 3147 legit,
222 3067 309 3127 Stetit
324 3068 452 3129 soleatus
466 3077 591 3148 praetor
601 3065 712 3146 populi
727 3062 862 3123 Romani
877 3080 945 3120 cum
962 3060 1061 3137 pallio

113 3169 282 3231 purpureo,
299 3152 459 3235 tunicaque
475 3151 585 3225 talari,
597 3146 780 3210 molt'aercolo
793 3141 944 3238 niceta
960 3140 1058 3220 litore,

116 3254 179 3303 uon
201 3231 295 3303 solum
315 3237 411 3320 ipsum
434 3258 470 3299 os
494 3234 598 3303 intueri
623 3231 769 3308 rideatur,
787 3241 820 3297 et
843 3226 986 3307 habitum,
1003 3230 1059 3300 sed

117 3319 264 3403 quaedam
280 3321 370 3391 etiam
385 3344 425 3387 ex
440 3322 490 3398 iis,
505 3342 581 3404 quae
597 3319 678 3387 dicta
691 3339 751 3382 non
766 3329 844 3394 suut,
862 3314 918 3382 sibi
933 3315 1000 3401 ipse
1012 3338 1061 3387 as-

86 3405 220 3475 euuat?
265 3406 335 3490 E'go
358 3421 440 3471 certe
464 3406 533 3474 mihi
556 3426 680 3468 cernere
702 3403 807 3469 videor
829 3416 860 3470 et
881 3403 1008 3481 vultum,
1029 3417 1062 3470 et

117 3491 233 3569 oculos,
251 3506 282 3555 et
305 3490 455 3559 deformes
478 3488 628 3572 utriusque
649 3489 818 3568 blanditias,
832 3503 863 3552 et
877 3509 994 3560 eornm,
1009 3484 1062 3563 qut

118 3575 251 3655 aderant,
263 3577 384 3641 tacitam
399 3574 629 3650 aversationem,
641 3595 677 3637 ec
692 3575 826 3643 timidam
834 3568 1060 3641 recendens
