2459 4200
359 285 510 332 sunnone
530 287 683 340 eunoun
700 288 838 336 corrue.
1041 281 1082 345 ua

138 435 209 520 ipsis
224 435 264 524 ad
281 433 410 499 Brutum
425 437 523 502 verbis
539 441 666 523 quadam
682 441 710 503 in
725 442 852 526 epistola
860 437 982 524 'acribia
994 447 1084 514 Nam

136 521 352 603 eloquentiam,
370 541 445 603 quoe
460 525 691 590 admirationem
708 529 883 606 nonhabet,
899 533 1018 594 oollam
1026 536 1082 620 je·

136 604 219 752 metz}
265 605 448 669 Aristoteles
472 629 590 694 quoque
614 612 741 674 eandem
766 615 927 697 petendam
949 613 1082 684 maxima

136 709 177 774 pu
222 735 229 750 .

1 789 2 810 r
99 801 114 843 5
184 773 250 838 sed
273 771 321 838 hic
343 789 461 840 ornatus
481 774 630 861 (repetam
653 780 745 864 euim)
762 781 867 860 virilis,
881 798 915 847 et
932 783 1033 864 ‘fortia
1045 803 1081 853 ot

136 872 257 922 sanctus
270 859 332 922 sit:
356 879 413 922 neo
433 861 633 926 effeminatam
654 864 804 929 levitatem
823 882 853 929 et
878 867 950 932 suoo
976 891 1080 935 emen·

134 943 222 1006 titum
244 944 380 1008 colorem
402 959 492 1024 amet,
509 947 650 1031 sanguine
672 963 703 1012 et
720 950 832 1014 viribus
849 953 955 1017 niteat.
1003 954 1078 1022 Hoc

134 1041 234 1091 autem
257 1029 336 1092 adeo
359 1049 462 1093 verum
480 1045 538 1110 est,
555 1047 598 1111 ut,
623 1055 693 1098 cum
712 1035 742 1097 in
763 1036 820 1099 hao
842 1039 971 1103 maxime
989 1055 1079 1124 manto

1 1186 2 1197 χ
135 1111 192 1176 sint
218 1113 319 1177 uicina
344 1115 499 1180 virtutibus
524 1117 608 1195 vitia,
635 1119 738 1197 etiam,
766 1122 817 1204 qui
842 1123 921 1186 vitiis
944 1139 1076 1204 utantur,

1 1203 2 1254 t
98 1197 251 1261 moirtutis
273 1211 371 1262 tamen
393 1200 439 1264 his
461 1221 573 1264 nomen
594 1203 758 1286 imponant.
805 1205 909 1276 Quare
929 1227 1020 1272 nemo
1035 1229 1078 1271 ox

134 1283 284 1366 corruptis
313 1284 404 1364 dicat,
426 1307 478 1348 me
504 1287 657 1349 inimicum
686 1307 755 1350 ema
784 1290 865 1352 culte
888 1291 1073 1356 dicentibus.

131 1364 203 1429 Non
218 1389 296 1450 nego
315 1369 393 1432 hano
414 1391 483 1433 asse
498 1369 649 1450 virtutem,
667 1372 792 1435 sediliis
808 1393 875 1435 eam
887 1393 949 1437 non
960 1376 1071 1439 tribuo.

132 1449 185 1514 An
208 1473 266 1535 ego
287 1451 409 1517 fundum
431 1456 586 1518 cultiorem
607 1471 721 1540 putem,
735 1458 768 1518 ²in
804 1480 842 1519 uo
858 1458 929 1522 mihi
942 1461 1078 1543 quieue-

1 1607 2 1622 3
130 1537 261 1599 tendent
279 1538 342 1600 'lilia
363 1553 393 1601 et
413 1540 520 1617 violas,
538 1553 570 1602 et
591 1561 763 1618 anemonae,
780 1477 878 1606 itiones
898 1559 1072 1630 uergentes,

96 1635 219 1770 aeguum
241 1622 292 1686 ubi
315 1623 402 1704 plena
424 1625 541 1701 messis,
559 1637 609 1686 aut
627 1646 737 1708 graves
755 1624 852 1690 fructu
866 1629 944 1692 vitae
958 1629 1076 1694 erma?

159 1707 275 1769 terilem
287 1707 449 1790 olumnam,
463 1721 623 1792 tonsasque
638 1724 764 1792 myrtos,
775 1731 864 1792 quam
878 1713 1012 1776 maritam
1026 1714 1076 1776 ul·

128 1803 257 1853 mutnet
271 1791 379 1855 uberes
394 1793 477 1856 oleas
496 1795 734 1876 praeoptaverim
749 1795 761 1854 ?
806 1794 950 1856 Habeant
963 1797 1012 1859 illa
1026 1797 1076 1859 di·

128 1875 206 1938 vites
217 1895 231 1935 ¹t
249 1875 348 1938 iicet:
372 1877 442 1960 quid
458 1891 569 1954 essent,
586 1878 611 1939 si
627 1879 705 1940 aliud
721 1877 792 1939 nihil
806 1878 976 1940 haberent?

174 1958 318 2024 Nullusne
328 1981 398 2045 ergo
415 1961 504 2024 etiam
515 1959 676 2025 fructiferis
692 1962 876 2026 adhibendae
888 1977 935 2027 eet
949 1964 1075 2029 dacor?

94 2041 209 2122 etQuis
232 2047 349 2129 negat?
393 2045 471 2110 Nam
494 2059 523 2111 et
543 2047 572 2111 in
595 2048 730 2111 ordinem
752 2062 894 2133 certaque
912 2049 1070 2116 interualla

128 2131 261 2214 redigam
285 2152 367 2195 meas
389 2133 522 2195 arbores.
570 2132 654 2203 Quid
675 2134 725 2195 illo
740 2134 908 2217 quincunoe
922 2137 1075 2221 speciosi·

129 2236 174 2292 us,
191 2218 253 2301 qui,
271 2217 300 2278 in
316 2238 523 2302 quamcunque
538 2232 654 2301 partem
669 2220 865 2301 spectaretis,
878 2233 977 2281 reoeue
992 2220 1072 2281 aet?

132 2299 196 2364 sed
219 2303 353 2385 protinus
376 2302 405 2363 in
426 2303 455 2364 id
477 2323 596 2387 quoque
616 2303 754 2385 prodest,
770 2316 803 2363 ut
824 2316 921 2363 terrae
943 2322 1071 2365 nuceum

127 2387 288 2469 aequaliter
297 2388 427 2449 trahant.
478 2386 637 2470 surgentia
652 2386 682 2447 in
697 2386 788 2447 altum
802 2384 959 2449 aaoumina
974 2385 1070 2447 oleae

1 2488 2 2513 t
92 2468 205 2533 uesano
227 2472 383 2535 coercebo
399 2492 407 2532 ε
430 2472 459 2534 in
472 2472 576 2534 orbem
592 2492 626 2534 sa
641 2466 799 2532 formosius
814 2467 929 2547 fundat,
940 2484 977 2532 et
997 2490 1071 2554 peo-

127 2554 204 2620 tinus
221 2555 351 2619 fructum
371 2557 461 2620 ramis
484 2557 615 2640 pluribus
633 2552 722 2618 ieret.
769 2554 940 2617 Danantior
959 2575 1071 2639 equum,

125 2638 210 2724 eujus
221 2642 342 2705 astricta
355 2642 404 2705 ilia
419 2662 428 2718 ;
450 2643 505 2705 sed
517 2640 750 2704 idemvelooior.
799 2635 933 2703 Pulah'er
940 2654 1069 2725 aspectu

125 2724 165 2787 ait
187 2726 304 2805 athleta,
327 2726 414 2811 eujus
440 2726 569 2790 lacertos
591 2725 768 2788 exercitatio
791 2724 962 2807 expresoit·;
980 2726 1068 2789 idam

125 2809 279 2873 certamini
302 2812 443 2897 paratior.
490 2809 649 2894 Nunquam
664 2832 735 2873 vara
755 2809 1068 2893 speciesnbutiu'me

92 2894 274 2959 nutriatur.
318 2895 391 2962 'Sed
406 2895 472 2959 'hoo
487 2896 613 2983 quidem
636 2895 807 2960 discernere
828 2896 941 2958 modici
957 2894 1067 2979 judioii

125 2991 181 3043 eet.

162 3062 248 3128 {titre
270 3065 482 3129 observatione
504 3065 631 3149 digrriue,
654 3063 735 3145 quod
760 3062 809 3122 hie
835 3062 901 3143 ipae
919 3062 1069 3121 honestus
1158 3064 1161 3078 '

122 3162 245 3211 ornatus
260 3171 314 3233 pro
329 3151 471 3214 materiae
484 3167 595 3234 gauere
610 3148 699 3211 daoet
714 3144 851 3207 variatus.
899 3141 1015 3226 Artque,
1028 3156 1066 3207 ut

122 3252 140 3296 a
169 3233 266 3317 prima
282 3235 433 3299 iiivisione
452 3236 565 3309 ordiar,
582 3254 643 3295 non
668 3231 750 3294 idem
771 3227 1068 3307 demonstrationem

90 3318 334 3399 adeliberativis,
349 3335 378 3384 et
390 3320 580 3407 judicialibus
596 3318 693 3381 causis
709 3315 878 3379 conveniet.
924 3312 1069 3400 Namque

122 3402 313 3489 iilud-genus,
330 3405 520 3470 ostentationi
543 3404 755 3487 compositum,
769 3402 866 3465 solam
885 3402 960 3486 petit
972 3402 1068 3465 audi·

122 3488 233 3553 eniium
249 3492 457 3576 voluptatem:
481 3490 609 3573 ideoque
624 3510 729 3552 omnes
749 3486 870 3552 dioaudi
890 3500 971 3550 artae
988 3505 1065 3567 ape·

121 3572 172 3651 rit,
195 3576 556 3725 amatumquefiorntionis
577 3575 724 3660 exponit3
746 3588 779 3638 ut
794 3574 955 3658 quodmun
971 3566 1068 3632 inuida
