2459 4200
353 299 507 348 sannone
526 301 677 356 oumorrr
693 303 829 348 crrrrr.
1034 289 1080 354 ts

130 475 184 516 nus
202 474 263 516 uno
285 453 346 516 telo
368 453 465 538 possit
485 475 553 518 essa
576 467 728 532 contenta,
745 454 876 518 incertae
892 454 976 540 plura
991 477 1077 542 spar-

129 539 226 623 genda
248 553 328 616 sunt,
346 553 378 602 ut
393 539 432 602 sit
447 554 477 602 et
494 538 627 603 fortunae
642 539 738 604 locus.
785 539 918 624 Egregie
932 563 1006 606 vero
1020 541 1076 607 Ci-

130 646 203 688 cero
219 647 274 708 pro
291 623 408 687 Milone
424 624 632 687 insidiatorem
648 625 746 710 primo
765 625 910 690 Clodiam
925 629 1077 692 ostendit:

130 724 194 772 tum
215 711 298 773 addit
321 731 362 772 ex
385 710 556 786 abundanti,
574 711 691 774 etiamsi
713 711 747 772 id
769 733 831 774 non
845 709 970 793 snieret,
986 714 1077 778 taient

109 804 232 856 stamen
251 795 342 858 civem
362 817 430 858 rum
451 817 565 860 summo
585 797 694 859 virtute
713 795 918 881 interfectoria
931 808 960 862 et
970 799 1077 882 glorie

131 881 238 943 necari
247 883 391 963 potuisse.

173 965 282 1050 Neque
298 967 381 1030 illum
396 980 494 1030 tamen
510 967 658 1044 ordinem,
676 969 715 1032 de
729 990 791 1054 qno
804 969 886 1054 prius
903 969 977 1048 dixi,
991 969 1076 1034 dam·

128 1051 288 1114 noverim:
312 1053 381 1137 quia
398 1052 556 1137 quaedam,
575 1053 691 1118 etiamsi
713 1055 778 1138 ipsa
800 1069 869 1120 sunt
890 1057 975 1134 dura,
993 1057 1023 1120 in
1045 1056 1075 1120 id

128 1150 232 1198 tamen
247 1138 356 1215 valent,
370 1151 400 1201 ut
416 1159 451 1201 ea
467 1139 609 1216 molliant,
624 1161 701 1224 quae
717 1153 886 1225 sequuntur.
925 1141 994 1204 Nec
1010 1163 1076 1205 om·

96 1221 201 1284 tonino
226 1221 289 1284 sine
311 1223 421 1286 ratione
446 1238 503 1301 est,
521 1225 602 1307 quod
623 1224 712 1307 vulgo
727 1225 845 1302 dicitnr,
866 1226 1010 1308 Iniquum
1022 1245 1075 1308 pe·

129 1307 266 1385 tendum,
284 1318 317 1370 ot
331 1329 456 1392 aequum
464 1305 564 1391 serus.
612 1308 707 1379 Quod
727 1323 827 1372 tamen
849 1331 939 1372 nemo
959 1310 1004 1372 sic
1025 1331 1076 1372 ac·

129 1391 233 1477 cipiet,
253 1407 286 1456 ut
306 1395 404 1458 omnia
425 1396 530 1458 credat
553 1394 699 1458 audenda.
747 1393 850 1458 Recte
865 1394 945 1458 enim
961 1394 1075 1458 Graeci

127 1479 329 1563 praecipiunt,
360 1481 438 1543 Non
468 1481 624 1559 tentando,
652 1500 727 1564 pnoe
756 1478 834 1564 effici
860 1480 983 1544 omnino
1011 1501 1075 1544 non

167 1575 263 1627 esunt.

95 1585 166 1712 rapo
175 1650 253 1728 Sed,
270 1650 387 1736 quoties
405 1652 474 1729 bac,
493 1651 532 1715 de
547 1673 605 1737 qua
626 1649 745 1738 loq'uor,
762 1652 875 1738 duplici
897 1651 1074 1718 defensione

129 1751 257 1814 utemur,
275 1737 305 1799 id
321 1736 514 1800 laborandum
530 1754 586 1816 est,
604 1739 684 1801 utin
704 1739 785 1802 illam
806 1752 922 1822 portem
945 1761 1073 1836 sequen

128 1836 189 1885 tem
205 1823 282 1904 fides
301 1845 342 1885 ex
362 1824 462 1906 priore
480 1824 614 1887 ducatur.
663 1823 774 1887 Potest
796 1823 877 1886 enim
898 1822 1006 1900 viderr,
1023 1823 1073 1907 qui

129 1922 195 1970 tuto
211 1909 300 1970 etiam
315 1907 506 1972 consessurus
521 1908 586 1986 suit,
603 1909 765 1972 mentiendi
785 1928 904 1971 caumm
919 1907 950 1970 in
963 1928 1074 1992 negan-

130 1993 171 2056 do
200 2015 261 2056 non
289 1994 412 2057 habere.
460 1993 502 2057 Et
532 1995 603 2059 illud
634 1995 674 2058 uti
695 2015 733 2057 ue
756 1993 928 2057 iaciendum
953 2008 1010 2073 est,
1027 2009 1072 2074 ut,

3 2104 4 2117 ¹
93 2080 246 2165 soquoties
268 2080 484 2166 suspicabimur
504 2103 521 2143 a
539 2080 643 2167 judice
663 2017 751 2145 rdiam
771 2079 978 2166 probationem
994 2081 1074 2147 desi·

129 2166 237 2241 derari,
256 2187 345 2251 quarn
364 2168 402 2230 de
423 2187 480 2251 qua
503 2168 661 2251 loquimur,
679 2168 884 2253 promittamus
906 2188 962 2229 nos
984 2168 1073 2252 plene

128 2266 159 2315 et
181 2252 282 2316 statim
305 2254 343 2315 de
370 2274 407 2315 eo
431 2252 502 2316 satis
529 2275 597 2315 esse
619 2252 773 2315 facturos:
798 2251 1032 2337 praecipueque,
1048 2252 1074 2315 si

129 2338 168 2399 de
208 2338 299 2400 udore
314 2338 418 2421 agitur.

172 2359 358 2507 lbequenrer
374 2438 473 2487 autem
489 2422 611 2501 accidit,
626 2435 658 2484 ut
669 2442 760 2483 causa
774 2420 1071 2504 parumverecunda‚

93 2508 193 2595 rejure
209 2523 271 2572 tuta
286 2510 323 2573 sit
338 2532 345 2569 :
363 2512 472 2593 dequo
488 2530 526 2570 ne
542 2508 623 2571 inviti
634 2507 754 2594 judices
769 2505 889 2571 audiant
900 2520 932 2569 et
942 2508 1072 2589 adversi,

128 2595 313 2679 frequentius
326 2610 393 2659 sunt
407 2596 597 2673 admonendi,
609 2604 779 2657 secuturam
791 2590 993 2675 dejerationem
1000 2616 1073 2677 pro-

129 2680 232 2743 bitatis
253 2702 289 2744 oc
308 2682 497 2765 dignitatis:
520 2690 671 2763 expectent
689 2682 831 2763 paulum,
849 2689 877 2741 et
894 2681 949 2763 ogi
966 2681 1073 2743 ordine

129 2767 243 2829 sinunt.
292 2766 452 2839 Quaedam
479 2766 593 2829 interim
624 2788 680 2829 nos
707 2781 737 2829 et
759 2766 857 2829 invitis
878 2766 1073 2849 litigatoribus

128 2852 326 2915 simulandum
344 2868 390 2916 est
405 2852 506 2915 dicere
521 2872 529 2927 ;
548 2853 629 2937 quod
644 2852 758 2916 Cicero
774 2874 829 2937 pro
845 2851 988 2916 Cluentio
1003 2851 1074 2914 lacit

2 2993 3 2998 ,
95 2938 211 3001 mcirca
222 2938 411 3022 judiciariam
427 2938 546 3021 legem:
570 2959 791 3023 nonnunquam,
804 2938 888 3021 quasi
904 2938 1073 3020 interpelle-

2 3016 3 3031 ’
128 3044 194 3087 mur
210 3026 248 3086 ab
264 3024 312 3102 iis,
324 3024 484 3087 subsistere
500 3045 507 3085 :
524 3044 615 3106 saepe
631 3023 792 3085 avertenda
807 3024 843 3083 ad
859 3022 943 3162 ipsos
955 3022 1073 3093 orati03

129 3108 280 3185 hortandi,
297 3124 327 3171 ut
343 3108 439 3173 sinant
453 3131 507 3172 nos
523 3109 565 3172 uti
580 3122 683 3169 nostro
697 3104 834 3167 consilio.
892 3117 921 3163 ta
937 3122 1074 3185 surrepe-

131 3206 179 3255 tur
195 3193 293 3254 animo
311 3195 433 3279 judicis,
451 3210 493 3273 et,
503 3195 581 3256 ‘dum
598 3203 701 3275 sperat
714 3186 922 3274 probationem
937 3186 1072 3271 pudoris,

95 3276 100 3289 “
129 3278 330 3363 asperioribus
346 3280 401 3344 illis
416 3280 513 3343 minus
528 3275 713 3361 repugnabit.
759 3272 849 3346 Quae
865 3294 934 3337 curn
949 3296 1075 3361 recepe·

97 3363 177 3441 urit,
190 3364 281 3429 etiam
296 3366 494 3429 verecundiae
510 3362 675 3427 defensioni
691 3360 807 3425 facilior
821 3361 887 3426 erit.
924 3360 980 3427 Sic
995 3379 1074 3427 utra-

129 3472 251 3535 queres
266 3452 397 3514 invicem
408 3450 536 3538 juvabit,
549 3450 663 3533 eritque
674 3447 770 3534 judex
785 3449 868 3512 circa
878 3447 929 3534 jus
943 3463 1075 3511 nostrum

132 3556 185 3634 spe
211 3537 378 3601 modestiae
401 3536 549 3613 attentior,
567 3535 648 3599 circa
671 3533 849 3599 modestiam
868 3534 944 3620 juris
965 3531 1074 3615 proba·

133 3634 212 3685 bone
227 3622 402 3707 proclivior.
