2459 4200
447 277 483 320 H·
505 275 600 321 esau
619 273 854 328 culminum.

329 493 455 551 Gramine,
468 509 514 542 nec
525 501 623 541 renerus
635 507 708 540 cursu
719 491 830 540 laesisset
841 489 935 540 males.

162 580 211 643 vel
235 579 435 656 translatione,
460 592 492 640 ut
517 578 614 660 ipsum
641 576 711 640 illud
739 577 864 638 volaret.
919 570 1042 637 Crescit
1062 571 1106 635 iu·

163 664 248 727 terim
279 663 457 748 hyperbole,
490 663 546 726 alia
576 661 696 745 insuper
725 661 848 728 addita:
881 672 913 722 ut
937 657 1051 723 Cicero
1076 659 1107 722 iu

165 749 331 812 Antonium
355 748 439 823 dicit,
465 748 549 824 Quae
570 745 745 829 Charybdis
767 755 828 808 lam
849 742 975 807 aornar
1024 741 1139 805 cla-⁵

163 835 277 920 rpbdia
292 833 392 896 dieo?
415 854 502 916 qaae,
520 833 546 894 ei
560 829 641 911 suit,
649 828 717 910 suit
732 831 850 893 aaimal
864 849 982 891 raam:
1011 827 1106 890 Oeca-
1211 838 1213 873 ³

164 941 233 997 aaa,
252 919 368 981 medias
379 917 556 1003 fulicarum
578 917 697 978 ridetur
719 925 760 978 ror
779 935 837 992 res,
855 926 916 977 tam
931 913 1105 994 dissipatas,
1212 926 1213 1001 l

164 1017 225 1067 tam
256 1005 437 1066 distantibus
465 1003 500 1064 ia
532 1003 605 1064 lacis
624 1002 751 1085 poeitae,
782 1011 843 1064 tam
869 1001 927 1062 cito
952 998 1107 1061 absorbere

161 1090 304 1172 poluisse.
361 1089 550 1172 Exquisitam
574 1106 647 1148 vero
677 1087 799 1170 figuram
826 1084 913 1169 hujus
934 1083 977 1146 rei
1000 1083 1107 1166 depre·
1212 1166 1213 1169 Ἴ

166 1175 306 1238 hendisse
321 1175 401 1258 apud
417 1173 581 1261 principem
597 1169 759 1254 lyricorum
779 1171 943 1232 Pindarum
957 1168 1063 1234 videor
1078 1168 1143 1232 inm
1212 1202 1213 1237 ,

166 1260 254 1336 libro,
271 1280 361 1344 quem
377 1259 465 1322 inseri
489 1259 526 1320 sit
541 1264 650 1334 ὕμνους.
697 1257 729 1320 Is
747 1276 874 1339 namque
892 1254 1038 1317 Herculia
1052 1253 1115 1323 ira-1
1212 1264 1213 1339 l

162 1355 265 1427 petum
299 1280 514 1408 adversaii!
695 1344 702 1356 '
731 1342 737 1354 '

329 427 375 478 llle
387 423 909 492 veliasctssnegstispsrsummsvolsrst

510 1364 627 1426 crapas,
653 1365 703 1428 qur
730 1341 875 1404 ininsula
898 1338 949 1404 Co
973 1339 1110 1403 dicuntur
1212 1406 1213 1411 η

165 1430 328 1504 habitasse,
350 1450 410 1492 non
433 1428 503 1510 igni,
528 1450 584 1490 nec
599 1429 707 1504 ventis,
725 1447 781 1488 nec
805 1425 890 1501 meri,
907 1423 962 1486 sed
975 1422 1110 1505 fulmini

167 1513 240 1578 dicit
263 1513 391 1573 similem
409 1509 533 1591 saissa:
565 1525 596 1574 ut
622 1513 670 1574 illa
696 1511 821 1587 minere,
848 1511 908 1574 hoc
935 1529 989 1591 par
1014 1521 1107 1572 esset.

167 1595 261 1666 Quod
281 1595 408 1660 imitatus
423 1593 550 1672 Cicero,
568 1597 615 1658 ille
636 1595 806 1678 composuit
827 1595 855 1657 iu
871 1594 1014 1670 Verrem,
1039 1593 1110 1658 Ver·
1120 1610 1145 1653 ιε

166 1681 290 1746 eabatar
304 1681 339 1744 ia
359 1681 471 1742 Sicilia
494 1681 584 1761 laage
599 1682 759 1744 iatereallo
781 1699 843 1742 aaa
858 1679 1029 1762 Dionysias
1043 1679 1112 1756 ille,
1212 1678 1213 1701 ¹

115 1768 118 1772 ’
150 1787 220 1848 ,aec
236 1765 393 1842 Phalaris,
411 1763 495 1848 (tulit
509 1767 590 1828 caira
604 1767 662 1829 illa
678 1766 829 1849 quandam
842 1764 947 1827 imula
962 1765 1070 1829 malta
1086 1773 1113 1827 al
1212 1772 1213 1777 ’

169 1852 304 1914 crudeles
327 1851 485 1935 tyrannos)
505 1851 555 1912 red
582 1851 733 1934 quoddam
758 1871 867 1912 aarum
890 1858 1055 1912 monstram
1077 1868 1113 1911 er

166 1947 261 1998 vetere
275 1938 334 1998 illa
349 1937 547 2011 immanitate,
566 1957 641 2018 qaae
657 1939 692 1998 ia
711 1937 818 1999 iisdem
838 1944 955 1996 uersuta
975 1934 1048 1996 locis
1063 1934 1112 1996 di·
1212 1966 1213 2013 P

168 2021 258 2083 citur.
298 2021 376 2082 Noa
392 2021 471 2082 caira
488 2019 668 2105 Charybdin
683 2031 744 2082 tam
758 2019 899 2102 insertam
913 2040 1007 2103 aeque
1024 2018 1145 2103 Scyl-so

169 2107 230 2169 lara
245 2105 384 2181 navibus,
397 2127 488 2188 quara
499 2106 590 2167 istam
605 2108 640 2167 ia
655 2108 755 2169 eudem
762 2104 846 2187 freto
854 2104 954 2187 saissa
966 2105 1111 2167 arbitror.

169 2189 235 2257 Nec
255 2191 396 2275 pauciore
411 2206 477 2254 sunt
495 2212 604 2275 genera
624 2192 833 2255 minuendi-
840 2192 898 2254 Vra
913 2191 1027 2253 ossibus
1043 2190 1114 2254 aar·

168 2288 245 2341 reat.
292 2276 335 2339 Et
350 2278 430 2363 quod
446 2276 606 2348 Ciceroin
622 2280 749 2364 quodam
761 2277 889 2363 joculari
905 2276 1018 2352 libello,

286 2396 401 2445 Fundam
413 2396 491 2447 Varro
504 2406 586 2455 vocet,
599 2413 674 2461 quem
685 2397 778 2461 possim
790 2396 886 2445 mittere
897 2395 974 2449 luade
988 2409 996 2445 ι

287 2462 320 2511 Ni
331 2471 413 2511 tamen
425 2464 552 2518 exciderit,
565 2478 614 2526 que
626 2478 687 2511 aava
698 2462 774 2511 landa
786 2471 861 2527 putet.
1124 2473 1148 2512 aa

173 2562 238 2627 Sed
270 2559 356 2642 hujus
387 2580 506 2642 quoque
538 2560 581 2620 rei
613 2574 749 2623 servetur
782 2582 920 2625 mensura
953 2559 1113 2647 quaedem.
1212 2555 1213 2568 ¹

171 2642 319 2718 Quamvis
343 2656 389 2705 est
415 2643 494 2705 euim
517 2643 613 2711 omnis
636 2644 795 2727 hyperbole
818 2646 893 2711 ultre
917 2646 1032 2711 fidem:
1055 2668 1118 2710 uon

171 2743 270 2794 tamen
286 2747 353 2789 esse
370 2728 460 2792 debet
481 2727 556 2789 ultre
578 2729 700 2794 modum
717 2751 725 2790 ι
745 2750 806 2793 nee
828 2730 950 2793 allevia
970 2730 1063 2815 magis
1087 2732 1118 2796 in

174 2818 336 2893 κακοζηλῑαν
361 2812 427 2877 itur.
476 2810 565 2896 Piget
588 2811 699 2875 referre
724 2814 850 2897 plurime
864 2814 933 2878 hinc
949 2829 1013 2880 orte
1030 2815 1119 2893 vitia,
1212 2847 1213 2850 ¹

172 2922 240 2968 oum
264 2896 439 2988 praesertim
461 2896 582 2959 minime
604 2897 661 2961 sint
683 2897 782 2981 ignota
805 2912 837 2961 et
856 2898 995 2962 obscura.
1043 2896 1149 2969 Most

172 3007 244 3049 nere
267 2984 337 3051 satis
360 2996 417 3061 est,
444 2982 560 3047 mentiri
589 2982 784 3071 hyperbolen,
810 3004 868 3045 nec
894 2983 946 3061 ita,
975 2996 1007 3049 ut
1030 3003 1118 3053 anea·

173 3072 261 3137 dacio
277 3070 378 3135 fallere
393 3068 479 3155 velit.x
523 3068 596 3140 Quo
619 3069 712 3155 magis
735 3068 907 3132 intuendum
930 3081 987 3145 est,
1005 3090 1116 3151 quous-

79 3232 93 3241 ,
173 3179 231 3241 que
246 3158 354 3221 deceat
369 3156 526 3233 extollere,
539 3154 622 3241 quod
637 3154 723 3219 uobis
738 3178 798 3218 non
812 3154 952 3218 creditur.
1000 3152 1116 3218 Perve-

173 3242 216 3302 nit
230 3243 306 3303 haee
322 3264 370 3304 res
385 3240 623 3323 frequentissime
645 3241 682 3304 ad
704 3240 795 3304 risum
811 3263 821 3303 τ
842 3241 893 3325 qui
914 3240 939 3303 si
954 3253 1040 3323 uptus
1056 3253 1113 3319 est,

174 3324 367 3400 urbanitatis,
385 3324 430 3385 sla
439 3324 539 3401 aliter,
556 3326 701 3389 stultitiae
715 3327 826 3390 nomeu
841 3325 1016 3409 assequitur.
1123 3347 1149 3388 eo

217 3406 277 3470 Est
299 3422 398 3471 autern
419 3407 449 3469 in
471 3430 525 3470 usu
541 3408 629 3491 vulgo
645 3432 763 3495 quoque
778 3426 810 3474 et
829 3411 904 3473 iuter
925 3410 1068 3486 auditos,
1085 3423 1118 3472 et

176 3494 255 3579 apud
285 3492 434 3557 rusticos:
468 3491 607 3556 videlicet
636 3497 718 3578 quod
739 3517 757 3558 a
777 3508 881 3557 astare
906 3509 954 3558 est
979 3495 1115 3558 omnibus

177 3579 312 3665 augendi
327 3599 374 3641 rer
385 3577 434 3641 vel
449 3577 606 3642 misereat·
621 3579 770 3667 cupiditas
784 3579 883 3657 insita,
892 3602 950 3648 aaa
961 3580 1119 3665 quisqam
