<?xml version="1.0" encoding="UTF-8"?>
<!DOCTYPE html PUBLIC "-//W3C//DTD XHTML 1.0 Transitional//EN"
    "http://www.w3.org/TR/xhtml1/DTD/xhtml1-transitional.dtd">
<html xmlns="http://www.w3.org/1999/xhtml" xml:lang="en" lang="en">
 <head>
  <title>
</title>
<meta http-equiv="Content-Type" content="text/html;charset=utf-8" />
  <meta name='ocr-system' content='tesseract 3.04.00' />
  <meta name='ocr-capabilities' content='ocr_page ocr_carea ocr_par ocr_line ocrx_word'/>
</head>
<body>
  <div class='ocr_page' id='page_1' title='image "./mfabiiquinctili00aldegoog_0233.png"; bbox 0 0 2459 4200; ppageno 0'>
   <div class='ocr_carea' id='block_1_1' title="bbox 350 294 1073 361">
    <p class='ocr_par' dir='ltr' id='par_1_1' title="bbox 350 294 1073 361">
     <span class='ocr_line' id='line_1_1' title="bbox 350 294 1073 361; baseline 0.003 -11"><span class='ocrx_word' id='word_1_1' title='bbox 350 304 504 355; x_wconf 80' lang='grc' dir='ltr'>ιιιιιιιιι</span> <span class='ocrx_word' id='word_1_2' title='bbox 521 294 1073 361; x_wconf 61' lang='lat' dir='ltr'><strong>aequinoctium</strong></span> 
     </span>
    </p>
   </div>
   <div class='ocr_carea' id='block_1_2' title="bbox 99 457 1076 1663">
    <p class='ocr_par' dir='ltr' id='par_1_2' title="bbox 129 457 1075 797">
     <span class='ocr_line' id='line_1_2' title="bbox 129 457 1075 544; baseline 0.005 -23"><span class='ocrx_word' id='word_1_3' title='bbox 129 470 235 521; x_wconf 86' lang='lat' dir='ltr'><strong>centra</strong></span> <span class='ocrx_word' id='word_1_4' title='bbox 251 470 363 541; x_wconf 91' lang='lat' dir='ltr'><strong>potest,</strong></span> <span class='ocrx_word' id='word_1_5' title='bbox 373 457 514 541; x_wconf 90' lang='lat' dir='ltr'><strong>quicquid</strong></span> <span class='ocrx_word' id='word_1_6' title='bbox 530 458 639 541; x_wconf 78' lang='lat' dir='ltr'><strong>recipit</strong></span> <span class='ocrx_word' id='word_1_7' title='bbox 652 458 682 520; x_wconf 90' lang='lat' dir='ltr'><strong>in</strong></span> <span class='ocrx_word' id='word_1_8' title='bbox 697 458 845 543; x_wconf 91' lang='lat' dir='ltr'><strong>ejusmodi</strong></span> <span class='ocrx_word' id='word_1_9' title='bbox 857 460 1075 544; x_wconf 74' lang='lat' dir='ltr'>disceptatione</span> 
     </span>
     <span class='ocr_line' id='line_1_3' title="bbox 129 541 1074 640; baseline 0.002 -33"><span class='ocrx_word' id='word_1_10' title='bbox 129 558 243 607; x_wconf 79' lang='lat' dir='ltr'><strong>nutura.</strong></span> <span class='ocrx_word' id='word_1_11' title='bbox 292 541 531 640; x_wconf 40' lang='lat' dir='ltr'><strong>Interrogandus·</strong></span> <span class='ocrx_word' id='word_1_12' title='bbox 546 564 634 626; x_wconf 86' lang='lat' dir='ltr'><strong>quam</strong></span> <span class='ocrx_word' id='word_1_13' title='bbox 657 542 860 622; x_wconf 77' lang='lat' dir='ltr'><strong>infestissime,</strong></span> <span class='ocrx_word' id='word_1_14' title='bbox 876 568 914 609; x_wconf 89' lang='lat' dir='ltr'><strong>ac</strong></span> <span class='ocrx_word' id='word_1_15' title='bbox 937 568 1074 629; x_wconf 85' lang='lat' dir='ltr'><strong>premen-</strong></span> 
     </span>
     <span class='ocr_line' id='line_1_4' title="bbox 129 626 1074 727; baseline 0.005 -36"><span class='ocrx_word' id='word_1_16' title='bbox 129 629 197 691; x_wconf 89' lang='lat' dir='ltr'><strong>dus</strong></span> <span class='ocrx_word' id='word_1_17' title='bbox 246 626 338 703; x_wconf 85' lang='lat' dir='ltr'><strong>Nem,</strong></span> <span class='ocrx_word' id='word_1_18' title='bbox 358 630 430 691; x_wconf 91' lang='lat' dir='ltr'><strong>dum</strong></span> <span class='ocrx_word' id='word_1_19' title='bbox 453 628 552 691; x_wconf 87' lang='lat' dir='ltr'><strong>ornnia</strong></span> <span class='ocrx_word' id='word_1_20' title='bbox 574 628 754 711; x_wconf 72' lang='lat' dir='ltr'><strong>quaerimus,</strong></span> <span class='ocrx_word' id='word_1_21' title='bbox 774 629 933 727; x_wconf 88' lang='lat' dir='ltr'><strong>aliquando</strong></span> <span class='ocrx_word' id='word_1_22' title='bbox 958 632 997 695; x_wconf 88' lang='lat' dir='ltr'><strong>ed</strong></span> <span class='ocrx_word' id='word_1_23' title='bbox 1022 653 1074 695; x_wconf 86' lang='lat' dir='ltr'><strong>ve·</strong></span> 
     </span>
     <span class='ocr_line' id='line_1_5' title="bbox 129 712 900 797; baseline 0.001 -21"><span class='ocrx_word' id='word_1_24' title='bbox 129 734 208 789; x_wconf 88' lang='lat' dir='ltr'><strong>rum,</strong></span> <span class='ocrx_word' id='word_1_25' title='bbox 225 713 277 775; x_wconf 89' lang='lat' dir='ltr'><strong>ubi</strong></span> <span class='ocrx_word' id='word_1_26' title='bbox 291 713 413 775; x_wconf 88' lang='lat' dir='ltr'><strong>minime</strong></span> <span class='ocrx_word' id='word_1_27' title='bbox 428 712 684 796; x_wconf 81' lang='lat' dir='ltr'><strong>exspectavimus,</strong></span> <span class='ocrx_word' id='word_1_28' title='bbox 701 714 900 797; x_wconf 86' lang='lat' dir='ltr'><strong>pervenimus</strong></span> 
     </span>
    </p>

    <p class='ocr_par' dir='ltr' id='par_1_3' title="bbox 109 796 1076 1137">
     <span class='ocr_line' id='line_1_6' title="bbox 109 796 1075 896; baseline 0.007 -37.446"><span class='ocrx_word' id='word_1_29' title='bbox 109 796 212 861; x_wconf 76' lang='lat' dir='ltr'><strong>tIn</strong></span> <span class='ocrx_word' id='word_1_30' title='bbox 225 820 353 873; x_wconf 87' lang='lat' dir='ltr'><strong>summa,</strong></span> <span class='ocrx_word' id='word_1_31' title='bbox 371 798 500 896; x_wconf 82' lang='lat' dir='ltr'><strong>optimus</strong></span> <span class='ocrx_word' id='word_1_32' title='bbox 516 812 562 863; x_wconf 89' lang='lat' dir='ltr'><strong>est</strong></span> <span class='ocrx_word' id='word_1_33' title='bbox 577 797 606 861; x_wconf 88' lang='grc' dir='ltr'><strong>ιιι</strong></span> <span class='ocrx_word' id='word_1_34' title='bbox 622 798 767 863; x_wconf 88' lang='lat' dir='ltr'><strong>discendo</strong></span> <span class='ocrx_word' id='word_1_35' title='bbox 783 814 923 882; x_wconf 79' lang='lat' dir='ltr'><strong>patronus</strong></span> <span class='ocrx_word' id='word_1_36' title='bbox 939 800 1075 866; x_wconf 85' lang='lat' dir='ltr'><strong>incredu-</strong></span> 
     </span>
     <span class='ocr_line' id='line_1_7' title="bbox 130 882 1074 981; baseline 0.003 -36"><span class='ocrx_word' id='word_1_37' title='bbox 130 883 188 947; x_wconf 87' lang='lat' dir='ltr'><strong>lus</strong></span> <span class='ocrx_word' id='word_1_38' title='bbox 236 882 390 946; x_wconf 89' lang='lat' dir='ltr'><strong>Promittit</strong></span> <span class='ocrx_word' id='word_1_39' title='bbox 412 884 491 946; x_wconf 89' lang='lat' dir='ltr'><strong>enim</strong></span> <span class='ocrx_word' id='word_1_40' title='bbox 505 882 641 981; x_wconf 79' lang='lat' dir='ltr'><strong>litigator</strong></span> <span class='ocrx_word' id='word_1_41' title='bbox 661 884 771 961; x_wconf 84' lang='lat' dir='ltr'><strong>omnia,</strong></span> <span class='ocrx_word' id='word_1_42' title='bbox 788 899 896 947; x_wconf 89' lang='lat' dir='ltr'><strong>testem</strong></span> <span class='ocrx_word' id='word_1_43' title='bbox 917 886 1074 968; x_wconf 90' lang='lat' dir='ltr'><strong>populum,</strong></span> 
     </span>
     <span class='ocr_line' id='line_1_8' title="bbox 129 968 1076 1053; baseline 0.003 -22"><span class='ocrx_word' id='word_1_44' title='bbox 129 968 332 1052; x_wconf 82' lang='lat' dir='ltr'><strong>paratissimas</strong></span> <span class='ocrx_word' id='word_1_45' title='bbox 349 969 598 1051; x_wconf 80' lang='lat' dir='ltr'><strong>consignationes,</strong></span> <span class='ocrx_word' id='word_1_46' title='bbox 616 968 715 1051; x_wconf 82' lang='lat' dir='ltr'><strong>ipstuu</strong></span> <span class='ocrx_word' id='word_1_47' title='bbox 730 969 861 1053; x_wconf 84' lang='lat' dir='ltr'><strong>denique</strong></span> <span class='ocrx_word' id='word_1_48' title='bbox 874 969 1076 1035; x_wconf 75' lang='lat' dir='ltr'><strong>adversatium</strong></span> 
     </span>
     <span class='ocr_line' id='line_1_9' title="bbox 128 1054 551 1137; baseline -0.005 -18"><span class='ocrx_word' id='word_1_49' title='bbox 128 1054 278 1137; x_wconf 82' lang='lat' dir='ltr'><strong>quaedam</strong></span> <span class='ocrx_word' id='word_1_50' title='bbox 293 1074 354 1117; x_wconf 87' lang='lat' dir='ltr'><strong>non</strong></span> <span class='ocrx_word' id='word_1_51' title='bbox 368 1069 551 1137; x_wconf 81' lang='lat' dir='ltr'><strong>negaturum</strong></span> 
     </span>
    </p>

    <p class='ocr_par' dir='ltr' id='par_1_4' title="bbox 176 1136 1074 1221">
     <span class='ocr_line' id='line_1_10' title="bbox 176 1136 1074 1221; baseline 0.006 -20"><span class='ocrx_word' id='word_1_52' title='bbox 176 1136 312 1221; x_wconf 84' lang='lat' dir='ltr'><strong>Ideoque</strong></span> <span class='ocrx_word' id='word_1_53' title='bbox 335 1160 412 1221; x_wconf 90' lang='lat' dir='ltr'><strong>opus</strong></span> <span class='ocrx_word' id='word_1_54' title='bbox 435 1152 481 1203; x_wconf 90' lang='lat' dir='ltr'><strong>est</strong></span> <span class='ocrx_word' id='word_1_55' title='bbox 503 1138 608 1202; x_wconf 87' lang='lat' dir='ltr'><strong>intueri</strong></span> <span class='ocrx_word' id='word_1_56' title='bbox 630 1159 722 1203; x_wconf 87' lang='lat' dir='ltr'><strong>omne</strong></span> <span class='ocrx_word' id='word_1_57' title='bbox 742 1139 834 1202; x_wconf 83' lang='lat' dir='ltr'><strong>litis</strong></span> <span class='ocrx_word' id='word_1_58' title='bbox 826 1154 1074 1207; x_wconf 78' lang='lat' dir='ltr'><strong>instrumentum:</strong></span> 
     </span>
    </p>

    <p class='ocr_par' dir='ltr' id='par_1_5' title="bbox 99 1223 1075 1307">
     <span class='ocr_line' id='line_1_11' title="bbox 99 1223 1075 1307; baseline 0.001 -20"><span class='ocrx_word' id='word_1_59' title='bbox 99 1224 212 1307; x_wconf 87' lang='lat' dir='ltr'><strong>toquod</strong></span> <span class='ocrx_word' id='word_1_60' title='bbox 240 1223 343 1287; x_wconf 87' lang='lat' dir='ltr'><strong>videre</strong></span> <span class='ocrx_word' id='word_1_61' title='bbox 369 1244 429 1287; x_wconf 88' lang='lat' dir='ltr'><strong>nou</strong></span> <span class='ocrx_word' id='word_1_62' title='bbox 455 1239 501 1287; x_wconf 88' lang='lat' dir='ltr'><strong>est</strong></span> <span class='ocrx_word' id='word_1_63' title='bbox 527 1224 611 1299; x_wconf 86' lang='lat' dir='ltr'><strong>satis,</strong></span> <span class='ocrx_word' id='word_1_64' title='bbox 637 1223 850 1305; x_wconf 80' lang='lat' dir='ltr'><strong>perlegendum</strong></span> <span class='ocrx_word' id='word_1_65' title='bbox 874 1225 941 1287; x_wconf 87' lang='lat' dir='ltr'><strong>erit</strong></span> <span class='ocrx_word' id='word_1_66' title='bbox 996 1224 1075 1288; x_wconf 88' lang='lat' dir='ltr'><strong>Nam</strong></span> 
     </span>
    </p>

    <p class='ocr_par' dir='ltr' id='par_1_6' title="bbox 130 1308 1076 1649">
     <span class='ocr_line' id='line_1_12' title="bbox 130 1308 1074 1391; baseline 0.005 -19"><span class='ocrx_word' id='word_1_67' title='bbox 130 1308 367 1391; x_wconf 70' lang='lat' dir='ltr'><strong>frequentissime</strong></span> <span class='ocrx_word' id='word_1_68' title='bbox 386 1323 513 1371; x_wconf 88' lang='lat' dir='ltr'><strong>autnon</strong></span> <span class='ocrx_word' id='word_1_69' title='bbox 533 1321 600 1373; x_wconf 87' lang='lat' dir='ltr'><strong>suut</strong></span> <span class='ocrx_word' id='word_1_70' title='bbox 619 1308 753 1384; x_wconf 85' lang='lat' dir='ltr'><strong>omnino,</strong></span> <span class='ocrx_word' id='word_1_71' title='bbox 769 1329 845 1390; x_wconf 86' lang='lat' dir='ltr'><strong>quae</strong></span> <span class='ocrx_word' id='word_1_72' title='bbox 861 1310 1074 1390; x_wconf 79' lang='lat' dir='ltr'><strong>promitteban-</strong></span> 
     </span>
     <span class='ocr_line' id='line_1_13' title="bbox 130 1393 1074 1475; baseline -0.002 -16"><span class='ocrx_word' id='word_1_73' title='bbox 130 1408 189 1470; x_wconf 86' lang='lat' dir='ltr'><strong>tur,</strong></span> <span class='ocrx_word' id='word_1_74' title='bbox 207 1407 257 1455; x_wconf 84' lang='lat' dir='ltr'><strong>aut</strong></span> <span class='ocrx_word' id='word_1_75' title='bbox 279 1393 376 1455; x_wconf 86' lang='lat' dir='ltr'><strong>minus</strong></span> <span class='ocrx_word' id='word_1_76' title='bbox 394 1393 559 1470; x_wconf 87' lang='lat' dir='ltr'><strong>continent,</strong></span> <span class='ocrx_word' id='word_1_77' title='bbox 576 1406 627 1456; x_wconf 85' lang='lat' dir='ltr'><strong>eut</strong></span> <span class='ocrx_word' id='word_1_78' title='bbox 645 1413 714 1455; x_wconf 94' lang='lat' dir='ltr'><strong>cum</strong></span> <span class='ocrx_word' id='word_1_79' title='bbox 736 1393 796 1457; x_wconf 88' lang='lat' dir='ltr'><strong>alio</strong></span> <span class='ocrx_word' id='word_1_80' title='bbox 815 1394 918 1475; x_wconf 87' lang='lat' dir='ltr'><strong>aliquo</strong></span> <span class='ocrx_word' id='word_1_81' title='bbox 937 1394 1074 1457; x_wconf 83' lang='lat' dir='ltr'><strong>nocituro</strong></span> 
     </span>
     <span class='ocr_line' id='line_1_14' title="bbox 130 1478 1073 1563; baseline 0.003 -22"><span class='ocrx_word' id='word_1_82' title='bbox 130 1478 279 1563; x_wconf 85' lang='lat' dir='ltr'><strong>permixta</strong></span> <span class='ocrx_word' id='word_1_83' title='bbox 294 1493 372 1555; x_wconf 89' lang='lat' dir='ltr'><strong>sunt,</strong></span> <span class='ocrx_word' id='word_1_84' title='bbox 390 1493 440 1541; x_wconf 87' lang='lat' dir='ltr'><strong>sut</strong></span> <span class='ocrx_word' id='word_1_85' title='bbox 455 1478 544 1543; x_wconf 86' lang='lat' dir='ltr'><strong>nimis</strong></span> <span class='ocrx_word' id='word_1_86' title='bbox 559 1491 673 1541; x_wconf 84' lang='lat' dir='ltr'><strong>suntet</strong></span> <span class='ocrx_word' id='word_1_87' title='bbox 687 1478 776 1539; x_wconf 90' lang='lat' dir='ltr'><strong>fidem</strong></span> <span class='ocrx_word' id='word_1_88' title='bbox 795 1478 883 1541; x_wconf 92' lang='lat' dir='ltr'><strong>hoc</strong></span> <span class='ocrx_word' id='word_1_89' title='bbox 875 1500 943 1561; x_wconf 90' lang='lat' dir='ltr'><strong>1pso</strong></span> <span class='ocrx_word' id='word_1_90' title='bbox 958 1480 1073 1545; x_wconf 83' lang='lat' dir='ltr'><strong>detrac-</strong></span> 
     </span>
     <span class='ocr_line' id='line_1_15' title="bbox 130 1552 1076 1663; baseline 0.004 -38"><span class='ocrx_word' id='word_1_91' title='bbox 130 1578 209 1638; x_wconf 81' lang='lat' dir='ltr'><strong>tura,</strong></span> <span class='ocrx_word' id='word_1_92' title='bbox 227 1564 306 1646; x_wconf 92' lang='lat' dir='ltr'><strong>quod</strong></span> <span class='ocrx_word' id='word_1_93' title='bbox 322 1585 380 1625; x_wconf 89' lang='lat' dir='ltr'><strong>non</strong></span> <span class='ocrx_word' id='word_1_94' title='bbox 395 1564 504 1626; x_wconf 87' lang='lat' dir='ltr'><strong>hebent</strong></span> <span class='ocrx_word' id='word_1_95' title='bbox 518 1564 652 1627; x_wconf 88' lang='lat' dir='ltr'><strong>modum.</strong></span> <span class='ocrx_word' id='word_1_96' title='bbox 691 1560 836 1646; x_wconf 87' lang='lat' dir='ltr'><strong>Denique</strong></span> <span class='ocrx_word' id='word_1_97' title='bbox 850 1564 943 1630; x_wconf 85' lang='grc' dir='ltr'>Ιιιιιιιιι</span> <span class='ocrx_word' id='word_1_98' title='bbox 957 1552 1076 1663; x_wconf 88' lang='lat' dir='ltr'><strong>mptum</strong></span> 
     </span>
    </p>
   </div>
   <div class='ocr_carea' id='block_1_3' title="bbox 3 1647 1074 1747">
    <p class='ocr_par' dir='ltr' id='par_1_7' title="bbox 3 1647 1074 1747">
     <span class='ocr_line' id='line_1_16' title="bbox 3 1647 1074 1747; baseline 0.002 -36"><span class='ocrx_word' id='word_1_99' title='bbox 3 1710 5 1735; x_wconf 50' lang='lat'><strong>,</strong></span> <span class='ocrx_word' id='word_1_100' title='bbox 97 1662 183 1711; x_wconf 74' lang='lat' dir='ltr'><strong>ttaut</strong></span> <span class='ocrx_word' id='word_1_101' title='bbox 198 1650 312 1713; x_wconf 83' lang='lat' dir='ltr'><strong>turbata</strong></span> <span class='ocrx_word' id='word_1_102' title='bbox 327 1669 409 1747; x_wconf 71' lang='lat' dir='ltr'><strong>cers,</strong></span> <span class='ocrx_word' id='word_1_103' title='bbox 421 1663 471 1713; x_wconf 87' lang='lat' dir='ltr'><strong>aut</strong></span> <span class='ocrx_word' id='word_1_104' title='bbox 486 1648 550 1715; x_wconf 85' lang='lat' dir='ltr'><strong>sine</strong></span> <span class='ocrx_word' id='word_1_105' title='bbox 566 1648 700 1731; x_wconf 89' lang='lat' dir='ltr'><strong>agnitore</strong></span> <span class='ocrx_word' id='word_1_106' title='bbox 715 1649 798 1732; x_wconf 90' lang='lat' dir='ltr'><strong>signa</strong></span> <span class='ocrx_word' id='word_1_107' title='bbox 808 1647 1000 1747; x_wconf 83' lang='lat' dir='ltr'><strong>frequenter</strong></span> <span class='ocrx_word' id='word_1_108' title='bbox 992 1672 1074 1713; x_wconf 82' lang='lat' dir='ltr'><strong>mve-</strong></span> 
     </span>
    </p>
   </div>
   <div class='ocr_carea' id='block_1_4' title="bbox 97 1732 1075 3520">
    <p class='ocr_par' dir='ltr' id='par_1_8' title="bbox 97 1732 1075 3520">
     <span class='ocr_line' id='line_1_17' title="bbox 131 1732 1073 1817; baseline 0.004 -20"><span class='ocrx_word' id='word_1_109' title='bbox 131 1734 220 1797; x_wconf 89' lang='lat' dir='ltr'><strong>nies:</strong></span> <span class='ocrx_word' id='word_1_110' title='bbox 244 1753 334 1816; x_wconf 87' lang='lat' dir='ltr'><strong>quae,</strong></span> <span class='ocrx_word' id='word_1_111' title='bbox 350 1735 405 1799; x_wconf 83' lang='lat' dir='ltr'><strong>nist</strong></span> <span class='ocrx_word' id='word_1_112' title='bbox 397 1734 503 1797; x_wconf 92' lang='lat' dir='ltr'><strong>domi</strong></span> <span class='ocrx_word' id='word_1_113' title='bbox 523 1734 706 1809; x_wconf 79' lang='lat' dir='ltr'><strong>excusseris,</strong></span> <span class='ocrx_word' id='word_1_114' title='bbox 723 1734 752 1796; x_wconf 89' lang='lat' dir='ltr'><strong>in</strong></span> <span class='ocrx_word' id='word_1_115' title='bbox 771 1732 866 1795; x_wconf 79' lang='lat' dir='ltr'><strong>foro</strong></span> <span class='ocrx_word' id='word_1_116' title='bbox 858 1735 1006 1817; x_wconf 74' lang='lat' dir='ltr'><strong>inopinata</strong></span> <span class='ocrx_word' id='word_1_117' title='bbox 1020 1736 1073 1801; x_wconf 73' lang='lat' dir='ltr'><strong>de·</strong></span> 
     </span>
     <span class='ocr_line' id='line_1_18' title="bbox 131 1817 1074 1935; baseline -0.002 -54"><span class='ocrx_word' id='word_1_118' title='bbox 131 1818 267 1901; x_wconf 86' lang='lat' dir='ltr'><strong>cipient:</strong></span> <span class='ocrx_word' id='word_1_119' title='bbox 291 1819 416 1935; x_wconf 83' lang='lat' dir='ltr'><strong>plusque</strong></span> <span class='ocrx_word' id='word_1_120' title='bbox 431 1819 581 1883; x_wconf 83' lang='lat' dir='ltr'><strong>nocebunt</strong></span> <span class='ocrx_word' id='word_1_121' title='bbox 596 1817 748 1894; x_wconf 89' lang='lat' dir='ltr'><strong>destituta,</strong></span> <span class='ocrx_word' id='word_1_122' title='bbox 765 1838 855 1899; x_wconf 85' lang='lat' dir='ltr'><strong>quam</strong></span> <span class='ocrx_word' id='word_1_123' title='bbox 871 1839 934 1880; x_wconf 87' lang='lat' dir='ltr'><strong>non</strong></span> <span class='ocrx_word' id='word_1_124' title='bbox 948 1818 1074 1901; x_wconf 83' lang='lat' dir='ltr'><strong>promis·</strong></span> 
     </span>
     <span class='ocr_line' id='line_1_19' title="bbox 131 1903 365 1967; baseline 0 0"><span class='ocrx_word' id='word_1_125' title='bbox 131 1924 165 1967; x_wconf 85' lang='lat' dir='ltr'><strong>se</strong></span> <span class='ocrx_word' id='word_1_126' title='bbox 180 1903 365 1967; x_wconf 85' lang='lat' dir='ltr'><strong>nocuissent</strong></span> 
     </span>
     <span class='ocr_line' id='line_1_20' title="bbox 177 1985 1074 2074; baseline 0.001 -23"><span class='ocrx_word' id='word_1_127' title='bbox 177 1986 274 2052; x_wconf 86' lang='lat' dir='ltr'><strong>Mults</strong></span> <span class='ocrx_word' id='word_1_128' title='bbox 291 1989 391 2065; x_wconf 90' lang='lat' dir='ltr'><strong>etiam,</strong></span> <span class='ocrx_word' id='word_1_129' title='bbox 409 2008 486 2071; x_wconf 82' lang='lat' dir='ltr'><strong>quse</strong></span> <span class='ocrx_word' id='word_1_130' title='bbox 500 1987 629 2070; x_wconf 84' lang='lat' dir='ltr'><strong>litigator</strong></span> <span class='ocrx_word' id='word_1_131' title='bbox 649 1985 719 2049; x_wconf 90' lang='lat' dir='ltr'><strong>nihil</strong></span> <span class='ocrx_word' id='word_1_132' title='bbox 737 1986 776 2051; x_wconf 89' lang='lat' dir='ltr'><strong>ad</strong></span> <span class='ocrx_word' id='word_1_133' title='bbox 791 2008 913 2052; x_wconf 79' lang='lat' dir='ltr'><strong>causam</strong></span> <span class='ocrx_word' id='word_1_134' title='bbox 926 1987 1074 2074; x_wconf 84' lang='lat' dir='ltr'><strong>pertinere</strong></span> 
     </span>
     <span class='ocr_line' id='line_1_21' title="bbox 97 2073 1074 2174; baseline 0.01 -40"><span class='ocrx_word' id='word_1_135' title='bbox 97 2074 304 2152; x_wconf 78' lang='lat' dir='ltr'><strong>merediderit,</strong></span> <span class='ocrx_word' id='word_1_136' title='bbox 322 2088 463 2158; x_wconf 85' lang='lat' dir='ltr'><strong>petronus</strong></span> <span class='ocrx_word' id='word_1_137' title='bbox 486 2088 582 2151; x_wconf 87' lang='lat' dir='ltr'><strong>eruet,</strong></span> <span class='ocrx_word' id='word_1_138' title='bbox 600 2073 691 2137; x_wconf 87' lang='lat' dir='ltr'><strong>modo</strong></span> <span class='ocrx_word' id='word_1_139' title='bbox 714 2095 768 2159; x_wconf 90' lang='lat' dir='ltr'><strong>per</strong></span> <span class='ocrx_word' id='word_1_140' title='bbox 789 2095 906 2154; x_wconf 85' lang='lat' dir='ltr'><strong>ornnes,</strong></span> <span class='ocrx_word' id='word_1_141' title='bbox 924 2097 999 2174; x_wconf 81' lang='lat' dir='ltr'><strong>quos</strong></span> <span class='ocrx_word' id='word_1_142' title='bbox 1015 2090 1074 2144; x_wconf 77' lang='grc' dir='ltr'>ιιι·</span> 
     </span>
     <span class='ocr_line' id='line_1_22' title="bbox 132 2159 1074 2257; baseline 0.006 -35"><span class='ocrx_word' id='word_1_143' title='bbox 132 2160 273 2237; x_wconf 89' lang='lat' dir='ltr'><strong>didimus,</strong></span> <span class='ocrx_word' id='word_1_144' title='bbox 287 2176 528 2257; x_wconf 84' lang='lat' dir='ltr'><strong>argumentorum</strong></span> <span class='ocrx_word' id='word_1_145' title='bbox 554 2160 640 2224; x_wconf 87' lang='lat' dir='ltr'><strong>locos</strong></span> <span class='ocrx_word' id='word_1_146' title='bbox 667 2174 726 2222; x_wconf 89' lang='lat' dir='ltr'><strong>eat.</strong></span> <span class='ocrx_word' id='word_1_147' title='bbox 773 2159 863 2232; x_wconf 83' lang='lat' dir='ltr'><strong>Quos</strong></span> <span class='ocrx_word' id='word_1_148' title='bbox 889 2177 922 2222; x_wconf 91' lang='lat' dir='ltr'><strong>ut</strong></span> <span class='ocrx_word' id='word_1_149' title='bbox 945 2162 1074 2228; x_wconf 83' lang='lat' dir='ltr'><strong>circum·</strong></span> 
     </span>
     <span class='ocr_line' id='line_1_23' title="bbox 132 2244 1074 2340; baseline 0.002 -32"><span class='ocrx_word' id='word_1_150' title='bbox 132 2261 270 2340; x_wconf 85' lang='lat' dir='ltr'><strong>spectare</strong></span> <span class='ocrx_word' id='word_1_151' title='bbox 286 2244 314 2308; x_wconf 90' lang='lat' dir='ltr'><strong>in</strong></span> <span class='ocrx_word' id='word_1_152' title='bbox 330 2247 458 2328; x_wconf 84' lang='lat' dir='ltr'><strong>agendo,</strong></span> <span class='ocrx_word' id='word_1_153' title='bbox 476 2261 506 2308; x_wconf 90' lang='lat' dir='ltr'><strong>et</strong></span> <span class='ocrx_word' id='word_1_154' title='bbox 521 2259 664 2308; x_wconf 88' lang='lat' dir='ltr'><strong>attentare</strong></span> <span class='ocrx_word' id='word_1_155' title='bbox 680 2244 810 2340; x_wconf 81' lang='lat' dir='ltr'><strong>singulos</strong></span> <span class='ocrx_word' id='word_1_156' title='bbox 825 2244 947 2309; x_wconf 86' lang='lat' dir='ltr'><strong>minime</strong></span> <span class='ocrx_word' id='word_1_157' title='bbox 962 2266 1074 2309; x_wconf 80' lang='lat' dir='ltr'><strong>eonve-</strong></span> 
     </span>
     <span class='ocr_line' id='line_1_24' title="bbox 132 2328 1073 2414; baseline 0 -22"><span class='ocrx_word' id='word_1_158' title='bbox 132 2330 186 2407; x_wconf 89' lang='lat' dir='ltr'><strong>uit,</strong></span> <span class='ocrx_word' id='word_1_159' title='bbox 199 2344 321 2414; x_wconf 84' lang='lat' dir='ltr'><strong>propter</strong></span> <span class='ocrx_word' id='word_1_160' title='bbox 336 2352 409 2414; x_wconf 89' lang='lat' dir='ltr'><strong>ques</strong></span> <span class='ocrx_word' id='word_1_161' title='bbox 425 2330 554 2392; x_wconf 85' lang='lat' dir='ltr'><strong>diximus</strong></span> <span class='ocrx_word' id='word_1_162' title='bbox 570 2349 702 2403; x_wconf 80' lang='lat' dir='ltr'><strong>causas3</strong></span> <span class='ocrx_word' id='word_1_163' title='bbox 725 2328 766 2392; x_wconf 89' lang='lat' dir='ltr'><strong>ita</strong></span> <span class='ocrx_word' id='word_1_164' title='bbox 780 2328 810 2392; x_wconf 90' lang='grc' dir='ltr'><strong>ιιι</strong></span> <span class='ocrx_word' id='word_1_165' title='bbox 825 2328 1009 2392; x_wconf 85' lang='lat' dir='ltr'><strong>discendo</strong></span> <span class='ocrx_word' id='word_1_166' title='bbox 986 2349 1073 2402; x_wconf 82' lang='grc' dir='ltr'>ιιιιιιι-</span> 
     </span>
     <span class='ocr_line' id='line_1_25' title="bbox 132 2415 1074 2498; baseline 0 -20"><span class='ocrx_word' id='word_1_167' title='bbox 132 2415 157 2478; x_wconf 84' lang='grc' dir='ltr'><strong>ιι</strong></span> <span class='ocrx_word' id='word_1_168' title='bbox 171 2416 375 2480; x_wconf 86' lang='lat' dir='ltr'><strong>necessarium</strong></span> <span class='ocrx_word' id='word_1_169' title='bbox 391 2430 448 2492; x_wconf 89' lang='lat' dir='ltr'><strong>est,</strong></span> <span class='ocrx_word' id='word_1_170' title='bbox 465 2435 542 2498; x_wconf 85' lang='lat' dir='ltr'><strong>quae</strong></span> <span class='ocrx_word' id='word_1_171' title='bbox 562 2434 722 2496; x_wconf 84' lang='lat' dir='ltr'><strong>personae,</strong></span> <span class='ocrx_word' id='word_1_172' title='bbox 739 2433 816 2495; x_wconf 88' lang='lat' dir='ltr'><strong>quae</strong></span> <span class='ocrx_word' id='word_1_173' title='bbox 832 2427 979 2496; x_wconf 83' lang='lat' dir='ltr'><strong>tempora,</strong></span> <span class='ocrx_word' id='word_1_174' title='bbox 996 2435 1074 2496; x_wconf 89' lang='lat' dir='ltr'><strong>quae</strong></span> 
     </span>
     <span class='ocr_line' id='line_1_26' title="bbox 97 2497 1074 2580; baseline 0.003 -22"><span class='ocrx_word' id='word_1_175' title='bbox 97 2499 237 2578; x_wconf 54' lang='lat' dir='ltr'><strong>salonas</strong></span> <span class='ocrx_word' id='word_1_176' title='bbox 230 2502 372 2577; x_wconf 74' lang='lat' dir='ltr'><strong>institute,</strong></span> <span class='ocrx_word' id='word_1_177' title='bbox 391 2501 596 2575; x_wconf 84' lang='lat' dir='ltr'><strong>instrumenta,</strong></span> <span class='ocrx_word' id='word_1_178' title='bbox 615 2512 790 2580; x_wconf 85' lang='lat' dir='ltr'><strong>ceteraque,</strong></span> <span class='ocrx_word' id='word_1_179' title='bbox 809 2519 850 2560; x_wconf 85' lang='lat' dir='ltr'><strong>ex</strong></span> <span class='ocrx_word' id='word_1_180' title='bbox 878 2497 1074 2580; x_wconf 86' lang='lat' dir='ltr'><strong>quibusuon</strong></span> 
     </span>
     <span class='ocr_line' id='line_1_27' title="bbox 132 2581 1074 2668; baseline -0.004 -18"><span class='ocrx_word' id='word_1_181' title='bbox 132 2599 243 2650; x_wconf 87' lang='lat' dir='ltr'><strong>tanturn</strong></span> <span class='ocrx_word' id='word_1_182' title='bbox 259 2585 342 2662; x_wconf 86' lang='lat' dir='ltr'><strong>iliud,</strong></span> <span class='ocrx_word' id='word_1_183' title='bbox 359 2586 440 2668; x_wconf 92' lang='lat' dir='ltr'><strong>quod</strong></span> <span class='ocrx_word' id='word_1_184' title='bbox 456 2598 502 2648; x_wconf 87' lang='lat' dir='ltr'><strong>est</strong></span> <span class='ocrx_word' id='word_1_185' title='bbox 517 2583 669 2648; x_wconf 85' lang='lat' dir='ltr'><strong>artificiale</strong></span> <span class='ocrx_word' id='word_1_186' title='bbox 690 2581 875 2664; x_wconf 83' lang='lat' dir='ltr'><strong>probationis</strong></span> <span class='ocrx_word' id='word_1_187' title='bbox 888 2603 994 2664; x_wconf 81' lang='lat' dir='ltr'><strong>genus,</strong></span> <span class='ocrx_word' id='word_1_188' title='bbox 1010 2583 1074 2650; x_wconf 88' lang='lat' dir='ltr'><strong>col·</strong></span> 
     </span>
     <span class='ocr_line' id='line_1_28' title="bbox 131 2667 1074 2750; baseline 0.006 -20"><span class='ocrx_word' id='word_1_189' title='bbox 131 2669 182 2749; x_wconf 86' lang='lat' dir='ltr'><strong>ligi</strong></span> <span class='ocrx_word' id='word_1_190' title='bbox 200 2669 304 2750; x_wconf 89' lang='lat' dir='ltr'><strong>possit,</strong></span> <span class='ocrx_word' id='word_1_191' title='bbox 321 2671 378 2734; x_wconf 86' lang='lat' dir='ltr'><strong>sed</strong></span> <span class='ocrx_word' id='word_1_192' title='bbox 391 2690 440 2750; x_wconf 86' lang='lat' dir='ltr'><strong>qur</strong></span> <span class='ocrx_word' id='word_1_193' title='bbox 433 2668 606 2732; x_wconf 87' lang='lat' dir='ltr'><strong>metuendi</strong></span> <span class='ocrx_word' id='word_1_194' title='bbox 623 2681 728 2743; x_wconf 84' lang='lat' dir='ltr'><strong>testes,</strong></span> <span class='ocrx_word' id='word_1_195' title='bbox 745 2668 898 2750; x_wconf 89' lang='lat' dir='ltr'><strong>quomodo</strong></span> <span class='ocrx_word' id='word_1_196' title='bbox 913 2667 972 2734; x_wconf 87' lang='lat' dir='ltr'><strong>siut</strong></span> <span class='ocrx_word' id='word_1_197' title='bbox 985 2667 1074 2736; x_wconf 73' lang='lat' dir='ltr'><strong>rotet</strong></span> 
     </span>
     <span class='ocr_line' id='line_1_29' title="bbox 131 2751 1075 2837; baseline 0.004 -21"><span class='ocrx_word' id='word_1_198' title='bbox 131 2751 223 2818; x_wconf 84' lang='lat' dir='ltr'><strong>ieadi</strong></span> <span class='ocrx_word' id='word_1_199' title='bbox 270 2751 348 2816; x_wconf 88' lang='lat' dir='ltr'><strong>Nem</strong></span> <span class='ocrx_word' id='word_1_200' title='bbox 369 2753 527 2837; x_wconf 84' lang='lat' dir='ltr'><strong>plurimum</strong></span> <span class='ocrx_word' id='word_1_201' title='bbox 542 2751 644 2829; x_wconf 79' lang='lat' dir='ltr'><strong>refert,</strong></span> <span class='ocrx_word' id='word_1_202' title='bbox 661 2753 772 2816; x_wconf 88' lang='lat' dir='ltr'><strong>invidia</strong></span> <span class='ocrx_word' id='word_1_203' title='bbox 786 2775 869 2830; x_wconf 84' lang='lat' dir='ltr'><strong>reus,</strong></span> <span class='ocrx_word' id='word_1_204' title='bbox 885 2775 922 2820; x_wconf 88' lang='lat' dir='ltr'><strong>an</strong></span> <span class='ocrx_word' id='word_1_205' title='bbox 938 2755 1021 2834; x_wconf 89' lang='lat' dir='ltr'><strong>odio,</strong></span> <span class='ocrx_word' id='word_1_206' title='bbox 1038 2777 1075 2820; x_wconf 90' lang='lat' dir='ltr'><strong>an</strong></span> 
     </span>
     <span class='ocr_line' id='line_1_30' title="bbox 132 2837 1073 2936; baseline 0.012 -36"><span class='ocrx_word' id='word_1_207' title='bbox 132 2852 307 2936; x_wconf 82' lang='lat' dir='ltr'><strong>contemptu</strong></span> <span class='ocrx_word' id='word_1_208' title='bbox 321 2837 457 2902; x_wconf 86' lang='lat' dir='ltr'><strong>laboret:</strong></span> <span class='ocrx_word' id='word_1_209' title='bbox 482 2861 608 2923; x_wconf 90' lang='lat' dir='ltr'><strong>quorum</strong></span> <span class='ocrx_word' id='word_1_210' title='bbox 619 2838 683 2906; x_wconf 82' lang='lat' dir='ltr'><strong>iere</strong></span> <span class='ocrx_word' id='word_1_211' title='bbox 698 2861 765 2923; x_wconf 90' lang='lat' dir='ltr'><strong>pars</strong></span> <span class='ocrx_word' id='word_1_212' title='bbox 781 2839 877 2924; x_wconf 84' lang='lat' dir='ltr'><strong>prima</strong></span> <span class='ocrx_word' id='word_1_213' title='bbox 891 2842 1073 2924; x_wconf 72' lang='lat' dir='ltr'><strong>superiores,</strong></span> 
     </span>
     <span class='ocr_line' id='line_1_31' title="bbox 99 2923 810 3020; baseline -0.003 -30"><span class='ocrx_word' id='word_1_214' title='bbox 99 2923 268 3006; x_wconf 83' lang='lat' dir='ltr'><strong>suproxima</strong></span> <span class='ocrx_word' id='word_1_215' title='bbox 284 2945 383 3006; x_wconf 87' lang='lat' dir='ltr'><strong>pares,</strong></span> <span class='ocrx_word' id='word_1_216' title='bbox 399 2925 486 2988; x_wconf 86' lang='lat' dir='ltr'><strong>tertia</strong></span> <span class='ocrx_word' id='word_1_217' title='bbox 500 2925 673 2989; x_wconf 81' lang='lat' dir='ltr'><strong>humiliores</strong></span> <span class='ocrx_word' id='word_1_218' title='bbox 688 2927 810 3020; x_wconf 82' lang='lat' dir='ltr'><strong>premit</strong></span> 
     </span>
     <span class='ocr_line' id='line_1_32' title="bbox 180 3008 1075 3092; baseline -0.004 -18"><span class='ocrx_word' id='word_1_219' title='bbox 180 3008 235 3074; x_wconf 82' lang='lat' dir='ltr'><strong>Sic</strong></span> <span class='ocrx_word' id='word_1_220' title='bbox 256 3030 376 3072; x_wconf 81' lang='lat' dir='ltr'><strong>causam</strong></span> <span class='ocrx_word' id='word_1_221' title='bbox 395 3025 608 3092; x_wconf 81' lang='lat' dir='ltr'><strong>perscrutatus,</strong></span> <span class='ocrx_word' id='word_1_222' title='bbox 626 3008 787 3090; x_wconf 88' lang='lat' dir='ltr'><strong>propositis</strong></span> <span class='ocrx_word' id='word_1_223' title='bbox 806 3020 874 3068; x_wconf 88' lang='lat' dir='ltr'><strong>ente</strong></span> <span class='ocrx_word' id='word_1_224' title='bbox 889 3008 995 3069; x_wconf 90' lang='lat' dir='ltr'><strong>oculos</strong></span> <span class='ocrx_word' id='word_1_225' title='bbox 1010 3030 1075 3079; x_wconf 83' lang='lat' dir='ltr'><strong>om·</strong></span> 
     </span>
     <span class='ocr_line' id='line_1_33' title="bbox 132 3089 1075 3191; baseline 0.002 -37"><span class='ocrx_word' id='word_1_226' title='bbox 132 3092 230 3168; x_wconf 86' lang='lat' dir='ltr'><strong>nibus,</strong></span> <span class='ocrx_word' id='word_1_227' title='bbox 247 3115 321 3175; x_wconf 87' lang='lat' dir='ltr'><strong>quae</strong></span> <span class='ocrx_word' id='word_1_228' title='bbox 343 3093 458 3191; x_wconf 88' lang='lat' dir='ltr'><strong>prosint</strong></span> <span class='ocrx_word' id='word_1_229' title='bbox 474 3106 655 3170; x_wconf 82' lang='lat' dir='ltr'><strong>noceamve,</strong></span> <span class='ocrx_word' id='word_1_230' title='bbox 672 3091 788 3156; x_wconf 79' lang='lat' dir='ltr'><strong>tertiam</strong></span> <span class='ocrx_word' id='word_1_231' title='bbox 804 3089 950 3171; x_wconf 81' lang='lat' dir='ltr'><strong>deinceps</strong></span> <span class='ocrx_word' id='word_1_232' title='bbox 970 3112 1075 3173; x_wconf 82' lang='lat' dir='ltr'><strong>perso·</strong></span> 
     </span>
     <span class='ocr_line' id='line_1_34' title="bbox 131 3174 1074 3262; baseline 0.001 -21"><span class='ocrx_word' id='word_1_233' title='bbox 131 3196 200 3241; x_wconf 69' lang='lat' dir='ltr'><strong>enm</strong></span> <span class='ocrx_word' id='word_1_234' title='bbox 224 3177 324 3242; x_wconf 89' lang='lat' dir='ltr'><strong>induat</strong></span> <span class='ocrx_word' id='word_1_235' title='bbox 342 3177 464 3262; x_wconf 90' lang='lat' dir='ltr'><strong>judicis,</strong></span> <span class='ocrx_word' id='word_1_236' title='bbox 482 3177 630 3260; x_wconf 82' lang='lat' dir='ltr'><strong>fingatque</strong></span> <span class='ocrx_word' id='word_1_237' title='bbox 653 3177 732 3260; x_wconf 85' lang='lat' dir='ltr'><strong>apud</strong></span> <span class='ocrx_word' id='word_1_238' title='bbox 755 3197 789 3239; x_wconf 86' lang='lat' dir='ltr'><strong>se</strong></span> <span class='ocrx_word' id='word_1_239' title='bbox 810 3174 857 3257; x_wconf 87' lang='lat' dir='ltr'><strong>agi</strong></span> <span class='ocrx_word' id='word_1_240' title='bbox 879 3195 1014 3251; x_wconf 84' lang='lat' dir='ltr'><strong>eausam,</strong></span> <span class='ocrx_word' id='word_1_241' title='bbox 1031 3190 1074 3256; x_wconf 87' lang='lat' dir='ltr'><strong>et,</strong></span> 
     </span>
     <span class='ocr_line' id='line_1_35' title="bbox 132 3259 1075 3361; baseline 0 -35"><span class='ocrx_word' id='word_1_242' title='bbox 132 3261 239 3344; x_wconf 87' lang='lat' dir='ltr'><strong>quod</strong></span> <span class='ocrx_word' id='word_1_243' title='bbox 232 3279 329 3361; x_wconf 77' lang='lat' dir='ltr'><strong>ipsum</strong></span> <span class='ocrx_word' id='word_1_244' title='bbox 352 3263 496 3328; x_wconf 90' lang='lat' dir='ltr'><strong>movisset</strong></span> <span class='ocrx_word' id='word_1_245' title='bbox 510 3264 550 3326; x_wconf 89' lang='lat' dir='ltr'><strong>de</strong></span> <span class='ocrx_word' id='word_1_246' title='bbox 569 3263 678 3328; x_wconf 75' lang='lat' dir='ltr'><strong>eadem</strong></span> <span class='ocrx_word' id='word_1_247' title='bbox 699 3283 732 3324; x_wconf 91' lang='lat' dir='ltr'><strong>re</strong></span> <span class='ocrx_word' id='word_1_248' title='bbox 752 3259 1027 3344; x_wconf 82' lang='lat' dir='ltr'><strong>pronunciaturum,</strong></span> <span class='ocrx_word' id='word_1_249' title='bbox 1044 3262 1075 3326; x_wconf 89' lang='lat' dir='ltr'><strong>id</strong></span> 
     </span>
     <span class='ocr_line' id='line_1_36' title="bbox 99 3346 1075 3432; baseline 0.002 -20"><span class='ocrx_word' id='word_1_250' title='bbox 99 3347 384 3430; x_wconf 84' lang='lat' dir='ltr'><strong>aspotentissimum,</strong></span> <span class='ocrx_word' id='word_1_251' title='bbox 395 3349 471 3432; x_wconf 89' lang='lat' dir='ltr'><strong>apud</strong></span> <span class='ocrx_word' id='word_1_252' title='bbox 483 3369 691 3431; x_wconf 85' lang='lat' dir='ltr'><strong>quemcunque</strong></span> <span class='ocrx_word' id='word_1_253' title='bbox 706 3362 821 3429; x_wconf 83' lang='lat' dir='ltr'><strong>agetur,</strong></span> <span class='ocrx_word' id='word_1_254' title='bbox 831 3346 993 3412; x_wconf 83' lang='lat' dir='ltr'><strong>existimet.</strong></span> <span class='ocrx_word' id='word_1_255' title='bbox 1020 3348 1075 3415; x_wconf 85' lang='lat' dir='ltr'><strong>Sic</strong></span> 
     </span>
     <span class='ocr_line' id='line_1_37' title="bbox 133 3432 1070 3520; baseline -0.003 -20"><span class='ocrx_word' id='word_1_256' title='bbox 133 3453 202 3500; x_wconf 85' lang='lat' dir='ltr'><strong>eum</strong></span> <span class='ocrx_word' id='word_1_257' title='bbox 217 3455 285 3498; x_wconf 85' lang='lat' dir='ltr'><strong>raro</strong></span> <span class='ocrx_word' id='word_1_258' title='bbox 296 3433 378 3498; x_wconf 82' lang='lat' dir='ltr'><strong>fallet</strong></span> <span class='ocrx_word' id='word_1_259' title='bbox 388 3448 522 3512; x_wconf 84' lang='lat' dir='ltr'><strong>eventus,</strong></span> <span class='ocrx_word' id='word_1_260' title='bbox 534 3433 683 3517; x_wconf 81' lang='lat' dir='ltr'><strong>autculpo</strong></span> <span class='ocrx_word' id='word_1_261' title='bbox 690 3432 803 3517; x_wconf 87' lang='lat' dir='ltr'><strong>judicis</strong></span> <span class='ocrx_word' id='word_1_262' title='bbox 814 3433 881 3499; x_wconf 84' lang='lat' dir='ltr'><strong>erit.</strong></span> <span class='ocrx_word' id='word_1_263' title='bbox 911 3432 1007 3520; x_wconf 73' lang='grc' dir='ltr'><strong>[ΧΠ.</strong></span> <span class='ocrx_word' id='word_1_264' title='bbox 1020 3434 1070 3511; x_wconf 86' lang='grc'><strong>8.]</strong></span> 
     </span>
    </p>
   </div>
   <div class='ocr_carea' id='block_1_5' title="bbox 0 0 1234 4200">
    <p class='ocr_par' dir='ltr' id='par_1_9' title="bbox 0 0 1234 4200">
     <span class='ocr_line' id='line_1_38' title="bbox 0 0 1234 4200; baseline 0 0"><span class='ocrx_word' id='word_1_265' title='bbox 0 0 1234 4200; x_wconf 95' lang='lat' dir='ltr'><strong> </strong></span> 
     </span>
    </p>
   </div>
  </div>
 </body>
</html>
