<?xml version="1.0" encoding="UTF-8"?>
<!DOCTYPE html PUBLIC "-//W3C//DTD XHTML 1.0 Transitional//EN"
    "http://www.w3.org/TR/xhtml1/DTD/xhtml1-transitional.dtd">
<html xmlns="http://www.w3.org/1999/xhtml" xml:lang="en" lang="en">
 <head>
  <title>
</title>
<meta http-equiv="Content-Type" content="text/html;charset=utf-8" />
  <meta name='ocr-system' content='tesseract 3.04.00' />
  <meta name='ocr-capabilities' content='ocr_page ocr_carea ocr_par ocr_line ocrx_word'/>
</head>
<body>
  <div class='ocr_page' id='page_1' title='image "./mfabiiquinctili00aldegoog_0214.png"; bbox 0 0 2459 4200; ppageno 0'>
   <div class='ocr_carea' id='block_1_1' title="bbox 148 294 833 356">
    <p class='ocr_par' dir='ltr' id='par_1_1' title="bbox 148 294 833 356">
     <span class='ocr_line' id='line_1_1' title="bbox 148 294 833 356; baseline -0.003 -7"><span class='ocrx_word' id='word_1_1' title='bbox 148 294 213 355; x_wconf 62' lang='grc' dir='ltr'><strong>ιω</strong></span> <span class='ocrx_word' id='word_1_2' title='bbox 441 305 478 350; x_wconf 81' lang='grc' dir='ltr'><strong>ιι.</strong></span> <span class='ocrx_word' id='word_1_3' title='bbox 499 304 592 349; x_wconf 76' lang='lat' dir='ltr'><strong>osan</strong></span> <span class='ocrx_word' id='word_1_4' title='bbox 611 301 833 356; x_wconf 68' lang='lat' dir='ltr'><strong>cucurrerunt</strong></span> 
     </span>
    </p>
   </div>
   <div class='ocr_carea' id='block_1_2' title="bbox 101 452 1228 3341">
    <p class='ocr_par' dir='ltr' id='par_1_2' title="bbox 149 452 1091 795">
     <span class='ocr_line' id='line_1_2' title="bbox 192 452 1091 542; baseline -0.002 -21"><span class='ocrx_word' id='word_1_5' title='bbox 192 457 390 542; x_wconf 75' lang='lat' dir='ltr'><strong>Egressiones</strong></span> <span class='ocrx_word' id='word_1_6' title='bbox 410 452 472 519; x_wconf 86' lang='lat' dir='ltr'><strong>lere</strong></span> <span class='ocrx_word' id='word_1_7' title='bbox 491 469 521 518; x_wconf 89' lang='lat' dir='ltr'><strong>et</strong></span> <span class='ocrx_word' id='word_1_8' title='bbox 539 455 635 533; x_wconf 86' lang='lat' dir='ltr'><strong>lenes,</strong></span> <span class='ocrx_word' id='word_1_9' title='bbox 652 468 684 517; x_wconf 88' lang='lat' dir='ltr'><strong>et</strong></span> <span class='ocrx_word' id='word_1_10' title='bbox 697 455 814 532; x_wconf 86' lang='lat' dir='ltr'><strong>dulces,</strong></span> <span class='ocrx_word' id='word_1_11' title='bbox 830 467 862 517; x_wconf 89' lang='lat' dir='ltr'><strong>et</strong></span> <span class='ocrx_word' id='word_1_12' title='bbox 884 452 1039 532; x_wconf 77' lang='lat' dir='ltr'>remissae,</span> <span class='ocrx_word' id='word_1_13' title='bbox 1057 469 1091 519; x_wconf 88' lang='lat' dir='ltr'><strong>ut</strong></span> 
     </span>
     <span class='ocr_line' id='line_1_3' title="bbox 149 538 1090 627; baseline -0.003 -22"><span class='ocrx_word' id='word_1_14' title='bbox 149 554 253 627; x_wconf 85' lang='lat' dir='ltr'><strong>ruptus</strong></span> <span class='ocrx_word' id='word_1_15' title='bbox 277 541 492 625; x_wconf 73' lang='lat' dir='ltr'><strong>Proserpinae,</strong></span> <span class='ocrx_word' id='word_1_16' title='bbox 519 540 648 603; x_wconf 75' lang='lat' dir='ltr'><strong>Siciliae</strong></span> <span class='ocrx_word' id='word_1_17' title='bbox 669 540 841 622; x_wconf 70' lang='lat' dir='ltr'><strong>descriptio,</strong></span> <span class='ocrx_word' id='word_1_18' title='bbox 868 538 929 601; x_wconf 80' lang='lat' dir='ltr'><strong>Gn.</strong></span> <span class='ocrx_word' id='word_1_19' title='bbox 948 540 1090 621; x_wconf 83' lang='lat' dir='ltr'><strong>Pompeii</strong></span> 
     </span>
     <span class='ocr_line' id='line_1_4' title="bbox 150 624 1087 713; baseline -0.005 -20"><span class='ocrx_word' id='word_1_20' title='bbox 150 630 226 693; x_wconf 74' lang='lat' dir='ltr'><strong>taes</strong></span> <span class='ocrx_word' id='word_1_21' title='bbox 275 626 382 713; x_wconf 88' lang='lat' dir='ltr'><strong><em>Neque</em></strong></span> <span class='ocrx_word' id='word_1_22' title='bbox 405 626 482 689; x_wconf 89' lang='lat' dir='ltr'><strong>euim</strong></span> <span class='ocrx_word' id='word_1_23' title='bbox 505 626 624 703; x_wconf 90' lang='lat' dir='ltr'><strong>mirum,</strong></span> <span class='ocrx_word' id='word_1_24' title='bbox 642 624 736 688; x_wconf 86' lang='lat' dir='ltr'><strong>miuus</strong></span> <span class='ocrx_word' id='word_1_25' title='bbox 758 626 869 688; x_wconf 90' lang='lat' dir='ltr'><strong>habere</strong></span> <span class='ocrx_word' id='word_1_26' title='bbox 889 624 1087 693; x_wconf 83' lang='lat' dir='ltr'><strong>contentionis</strong></span> 
     </span>
     <span class='ocr_line' id='line_1_5' title="bbox 150 710 701 795; baseline -0.011 -18"><span class='ocrx_word' id='word_1_27' title='bbox 150 734 196 793; x_wconf 88' lang='lat' dir='ltr'><strong>ea,</strong></span> <span class='ocrx_word' id='word_1_28' title='bbox 234 734 290 777; x_wconf 89' lang='lat' dir='ltr'><strong>uae</strong></span> <span class='ocrx_word' id='word_1_29' title='bbox 305 726 372 777; x_wconf 90' lang='lat' dir='ltr'><strong>sunt</strong></span> <span class='ocrx_word' id='word_1_30' title='bbox 386 726 470 775; x_wconf 86' lang='lat' dir='ltr'><strong>extra</strong></span> <span class='ocrx_word' id='word_1_31' title='bbox 485 710 701 795; x_wconf 87' lang='lat' dir='ltr'><strong>quaestionem.</strong></span> 
     </span>
    </p>

    <p class='ocr_par' dir='ltr' id='par_1_3' title="bbox 149 735 1124 1299">
     <span class='ocr_line' id='line_1_6' title="bbox 193 735 1112 880; baseline -0.005 -19"><span class='ocrx_word' id='word_1_32' title='bbox 193 735 318 861; x_wconf 72' lang='lat' dir='ltr'><strong>dotltor</strong></span> <span class='ocrx_word' id='word_1_33' title='bbox 328 815 535 880; x_wconf 90' lang='lat' dir='ltr'><strong>nonnunquam</strong></span> <span class='ocrx_word' id='word_1_34' title='bbox 548 817 617 860; x_wconf 90' lang='lat' dir='ltr'><strong>cum</strong></span> <span class='ocrx_word' id='word_1_35' title='bbox 631 793 863 879; x_wconf 79' lang='lat' dir='ltr'><strong><em>reprehensione</em></strong></span> <span class='ocrx_word' id='word_1_36' title='bbox 874 793 1013 857; x_wconf 87' lang='lat' dir='ltr'><strong>diversae</strong></span> <span class='ocrx_word' id='word_1_37' title='bbox 1022 814 1112 877; x_wconf 85' lang='lat' dir='ltr'><strong>par-s</strong></span> 
     </span>
     <span class='ocr_line' id='line_1_7' title="bbox 150 879 1090 962; baseline -0.006 -15"><span class='ocrx_word' id='word_1_38' title='bbox 150 885 187 948; x_wconf 88' lang='lat' dir='ltr'><strong>tis</strong></span> <span class='ocrx_word' id='word_1_39' title='bbox 203 884 338 962; x_wconf 82' lang='lat' dir='ltr'><strong>imitatio,</strong></span> <span class='ocrx_word' id='word_1_40' title='bbox 362 883 494 946; x_wconf 79' lang='lat' dir='ltr'><strong>thebur</strong></span> <span class='ocrx_word' id='word_1_41' title='bbox 508 882 608 943; x_wconf 87' lang='lat' dir='ltr'><strong>uidere</strong></span> <span class='ocrx_word' id='word_1_42' title='bbox 630 882 708 942; x_wconf 87' lang='lat' dir='ltr'><strong>elios</strong></span> <span class='ocrx_word' id='word_1_43' title='bbox 720 880 879 955; x_wconf 83' lang='lat' dir='ltr'><strong>intrantes,</strong></span> <span class='ocrx_word' id='word_1_44' title='bbox 896 879 976 941; x_wconf 78' lang='lat' dir='ltr'><strong>otios</strong></span> <span class='ocrx_word' id='word_1_45' title='bbox 990 889 1090 941; x_wconf 81' lang='lat' dir='ltr'><strong>eutem</strong></span> 
     </span>
     <span class='ocr_line' id='line_1_8' title="bbox 149 962 1087 1051; baseline -0.006 -20"><span class='ocrx_word' id='word_1_46' title='bbox 149 978 296 1047; x_wconf 78' lang='lat' dir='ltr'><strong>exeuntes,</strong></span> <span class='ocrx_word' id='word_1_47' title='bbox 313 969 456 1051; x_wconf 86' lang='lat' dir='ltr'><strong>quosdam</strong></span> <span class='ocrx_word' id='word_1_48' title='bbox 471 988 506 1028; x_wconf 86' lang='lat' dir='ltr'><strong>ee</strong></span> <span class='ocrx_word' id='word_1_49' title='bbox 520 968 590 1029; x_wconf 86' lang='lat' dir='ltr'><strong>eino</strong></span> <span class='ocrx_word' id='word_1_50' title='bbox 605 965 794 1027; x_wconf 83' lang='lat' dir='ltr'><strong>oscillantes.</strong></span> <span class='ocrx_word' id='word_1_51' title='bbox 841 962 906 1025; x_wconf 91' lang='lat' dir='ltr'><strong>Ubi</strong></span> <span class='ocrx_word' id='word_1_52' title='bbox 927 985 987 1025; x_wconf 87' lang='lat' dir='ltr'><strong>uon</strong></span> <span class='ocrx_word' id='word_1_53' title='bbox 1002 963 1087 1026; x_wconf 89' lang='lat' dir='ltr'><strong>dissi·</strong></span> 
     </span>
     <span class='ocr_line' id='line_1_9' title="bbox 150 1049 1086 1137; baseline -0.007 -21"><span class='ocrx_word' id='word_1_54' title='bbox 150 1054 222 1116; x_wconf 87' lang='lat' dir='ltr'><strong>dens</strong></span> <span class='ocrx_word' id='word_1_55' title='bbox 239 1076 256 1115; x_wconf 89' lang='lat' dir='ltr'><strong>a</strong></span> <span class='ocrx_word' id='word_1_56' title='bbox 272 1076 348 1116; x_wconf 88' lang='lat' dir='ltr'><strong>voce</strong></span> <span class='ocrx_word' id='word_1_57' title='bbox 364 1053 541 1137; x_wconf 77' lang='lat' dir='ltr'><strong>permittitur</strong></span> <span class='ocrx_word' id='word_1_58' title='bbox 555 1064 655 1134; x_wconf 82' lang='lat' dir='ltr'><strong>gestus</strong></span> <span class='ocrx_word' id='word_1_59' title='bbox 667 1069 798 1132; x_wconf 88' lang='lat' dir='ltr'><strong>quoque,</strong></span> <span class='ocrx_word' id='word_1_60' title='bbox 809 1049 838 1109; x_wconf 92' lang='lat' dir='ltr'><strong>in</strong></span> <span class='ocrx_word' id='word_1_61' title='bbox 853 1062 1005 1131; x_wconf 88' lang='lat' dir='ltr'><strong>utramque</strong></span> <span class='ocrx_word' id='word_1_62' title='bbox 1021 1069 1086 1131; x_wconf 85' lang='lat' dir='ltr'><strong>par·</strong></span> 
     </span>
     <span class='ocr_line' id='line_1_10' title="bbox 150 1133 1089 1221; baseline -0.006 -20"><span class='ocrx_word' id='word_1_63' title='bbox 150 1152 209 1201; x_wconf 86' lang='lat' dir='ltr'><strong>tem</strong></span> <span class='ocrx_word' id='word_1_64' title='bbox 236 1152 336 1201; x_wconf 88' lang='lat' dir='ltr'><strong>tenera</strong></span> <span class='ocrx_word' id='word_1_65' title='bbox 360 1138 519 1221; x_wconf 89' lang='lat' dir='ltr'><strong>quaedam,</strong></span> <span class='ocrx_word' id='word_1_66' title='bbox 540 1136 593 1199; x_wconf 90' lang='lat' dir='ltr'><strong>sed</strong></span> <span class='ocrx_word' id='word_1_67' title='bbox 620 1136 694 1197; x_wconf 89' lang='lat' dir='ltr'><strong>intra</strong></span> <span class='ocrx_word' id='word_1_68' title='bbox 719 1154 822 1195; x_wconf 87' lang='lat' dir='ltr'><strong>manus</strong></span> <span class='ocrx_word' id='word_1_69' title='bbox 844 1146 956 1211; x_wconf 87' lang='lat' dir='ltr'><strong>tamea,</strong></span> <span class='ocrx_word' id='word_1_70' title='bbox 973 1146 1004 1195; x_wconf 91' lang='lat' dir='ltr'><strong>et</strong></span> <span class='ocrx_word' id='word_1_71' title='bbox 1025 1133 1089 1195; x_wconf 85' lang='lat' dir='ltr'><strong>sine</strong></span> 
     </span>
     <span class='ocr_line' id='line_1_11' title="bbox 151 1221 1124 1299; baseline -0.005 -14"><span class='ocrx_word' id='word_1_72' title='bbox 151 1236 231 1286; x_wconf 88' lang='lat' dir='ltr'><strong>motu</strong></span> <span class='ocrx_word' id='word_1_73' title='bbox 246 1223 381 1299; x_wconf 87' lang='lat' dir='ltr'><strong>laterum,</strong></span> <span class='ocrx_word' id='word_1_74' title='bbox 399 1221 559 1283; x_wconf 83' lang='lat' dir='ltr'><strong>translatio.</strong></span> <span class='ocrx_word' id='word_1_75' title='bbox 1097 1241 1124 1281; x_wconf 82' lang='lat' dir='ltr'><strong>te</strong></span> 
     </span>
    </p>

    <p class='ocr_par' dir='ltr' id='par_1_4' title="bbox 148 1302 1228 2906">
     <span class='ocr_line' id='line_1_12' title="bbox 197 1302 1090 1390; baseline -0.006 -18"><span class='ocrx_word' id='word_1_76' title='bbox 197 1306 396 1372; x_wconf 88' lang='lat' dir='ltr'><strong>Accendendi</strong></span> <span class='ocrx_word' id='word_1_77' title='bbox 421 1304 533 1390; x_wconf 89' lang='lat' dir='ltr'><strong>judicis</strong></span> <span class='ocrx_word' id='word_1_78' title='bbox 563 1304 662 1389; x_wconf 89' lang='lat' dir='ltr'><strong>plures</strong></span> <span class='ocrx_word' id='word_1_79' title='bbox 691 1318 758 1366; x_wconf 87' lang='lat' dir='ltr'><strong>suut</strong></span> <span class='ocrx_word' id='word_1_80' title='bbox 779 1304 896 1387; x_wconf 60' lang='lat' dir='ltr'><strong>padus.</strong></span> <span class='ocrx_word' id='word_1_81' title='bbox 946 1302 1090 1367; x_wconf 85' lang='lat' dir='ltr'><strong>Summus</strong></span> 
     </span>
     <span class='ocr_line' id='line_1_13' title="bbox 150 1388 1090 1477; baseline -0.004 -24"><span class='ocrx_word' id='word_1_82' title='bbox 150 1392 211 1465; x_wconf 86' lang='lat' dir='ltr'><strong>ille,</strong></span> <span class='ocrx_word' id='word_1_83' title='bbox 229 1408 259 1455; x_wconf 90' lang='lat' dir='ltr'><strong>et</strong></span> <span class='ocrx_word' id='word_1_84' title='bbox 275 1414 334 1477; x_wconf 92' lang='lat' dir='ltr'><strong>quo</strong></span> <span class='ocrx_word' id='word_1_85' title='bbox 350 1391 444 1453; x_wconf 89' lang='lat' dir='ltr'><strong>nullus</strong></span> <span class='ocrx_word' id='word_1_86' title='bbox 461 1405 505 1453; x_wconf 89' lang='lat' dir='ltr'><strong>est</strong></span> <span class='ocrx_word' id='word_1_87' title='bbox 522 1390 549 1451; x_wconf 94' lang='lat' dir='ltr'><strong>in</strong></span> <span class='ocrx_word' id='word_1_88' title='bbox 566 1402 683 1452; x_wconf 90' lang='lat' dir='ltr'><strong>oratore</strong></span> <span class='ocrx_word' id='word_1_89' title='bbox 704 1389 817 1451; x_wconf 85' lang='lat' dir='ltr'><strong>acutior</strong></span> <span class='ocrx_word' id='word_1_90' title='bbox 834 1409 841 1448; x_wconf 76' lang='grc' dir='ltr'><strong><em>ε</em></strong></span> <span class='ocrx_word' id='word_1_91' title='bbox 869 1388 1012 1469; x_wconf 77' lang='lat' dir='ltr'><strong>Suscepto</strong></span> <span class='ocrx_word' id='word_1_92' title='bbox 1029 1389 1090 1449; x_wconf 83' lang='lat' dir='ltr'><strong>bel-</strong></span> 
     </span>
     <span class='ocr_line' id='line_1_14' title="bbox 151 1472 1087 1558; baseline -0.002 -21"><span class='ocrx_word' id='word_1_93' title='bbox 151 1478 190 1552; x_wconf 89' lang='lat' dir='ltr'><strong>lo,</strong></span> <span class='ocrx_word' id='word_1_94' title='bbox 213 1476 340 1554; x_wconf 81' lang='lat' dir='ltr'><strong>Caesar,</strong></span> <span class='ocrx_word' id='word_1_95' title='bbox 354 1486 437 1558; x_wconf 83' lang='lat' dir='ltr'><strong>gesto</strong></span> <span class='ocrx_word' id='word_1_96' title='bbox 454 1477 523 1558; x_wconf 88' lang='lat' dir='ltr'><strong>jam</strong></span> <span class='ocrx_word' id='word_1_97' title='bbox 546 1476 636 1536; x_wconf 87' lang='lat' dir='ltr'><strong>etiam</strong></span> <span class='ocrx_word' id='word_1_98' title='bbox 657 1494 693 1535; x_wconf 81' lang='lat' dir='ltr'><strong>ex</strong></span> <span class='ocrx_word' id='word_1_99' title='bbox 710 1484 797 1556; x_wconf 88' lang='lat' dir='ltr'><strong>porte</strong></span> <span class='ocrx_word' id='word_1_100' title='bbox 820 1494 944 1556; x_wconf 80' lang='lat' dir='ltr'><strong>meges.</strong></span> <span class='ocrx_word' id='word_1_101' title='bbox 992 1472 1087 1535; x_wconf 88' lang='lat' dir='ltr'><strong>Prae·</strong></span> 
     </span>
     <span class='ocr_line' id='line_1_15' title="bbox 150 1559 1088 1641; baseline 0 -20"><span class='ocrx_word' id='word_1_102' title='bbox 150 1559 225 1621; x_wconf 82' lang='lat' dir='ltr'><strong>dixit</strong></span> <span class='ocrx_word' id='word_1_103' title='bbox 240 1560 330 1635; x_wconf 91' lang='lat' dir='ltr'><strong>enim,</strong></span> <span class='ocrx_word' id='word_1_104' title='bbox 355 1561 511 1636; x_wconf 79' lang='lat' dir='ltr'><strong>Quantum</strong></span> <span class='ocrx_word' id='word_1_105' title='bbox 531 1569 634 1641; x_wconf 87' lang='lat' dir='ltr'><strong>potero</strong></span> <span class='ocrx_word' id='word_1_106' title='bbox 655 1580 724 1621; x_wconf 84' lang='lat' dir='ltr'><strong>uoce</strong></span> <span class='ocrx_word' id='word_1_107' title='bbox 743 1559 930 1635; x_wconf 82' lang='lat' dir='ltr'><strong>contendum,</strong></span> <span class='ocrx_word' id='word_1_108' title='bbox 946 1568 979 1619; x_wconf 88' lang='lat' dir='ltr'><strong>ut</strong></span> <span class='ocrx_word' id='word_1_109' title='bbox 989 1578 1088 1640; x_wconf 89' lang='lat' dir='ltr'><strong>popu·</strong></span> 
     </span>
     <span class='ocr_line' id='line_1_16' title="bbox 151 1642 1228 1721; baseline 0.004 -15"><span class='ocrx_word' id='word_1_110' title='bbox 151 1645 197 1706; x_wconf 83' lang='lat' dir='ltr'><strong>tes</strong></span> <span class='ocrx_word' id='word_1_111' title='bbox 217 1644 270 1705; x_wconf 84' lang='lat' dir='ltr'><strong>hoe</strong></span> <span class='ocrx_word' id='word_1_112' title='bbox 293 1644 449 1705; x_wconf 83' lang='lat' dir='ltr'><strong>Romanus</strong></span> <span class='ocrx_word' id='word_1_113' title='bbox 472 1643 626 1705; x_wconf 82' lang='lat' dir='ltr'><strong>eeoudiut.</strong></span> <span class='ocrx_word' id='word_1_114' title='bbox 675 1642 812 1706; x_wconf 88' lang='lat' dir='ltr'><strong>Paullum</strong></span> <span class='ocrx_word' id='word_1_115' title='bbox 835 1642 965 1721; x_wconf 81' lang='lat' dir='ltr'><strong>inferior,</strong></span> <span class='ocrx_word' id='word_1_116' title='bbox 983 1657 1013 1705; x_wconf 89' lang='lat' dir='ltr'><strong>et</strong></span> <span class='ocrx_word' id='word_1_117' title='bbox 1036 1644 1087 1705; x_wconf 89' lang='lat' dir='ltr'><strong>ha·</strong></span> <span class='ocrx_word' id='word_1_118' title='bbox 1097 1666 1125 1707; x_wconf 84' lang='lat' dir='ltr'><strong>rs</strong></span> <span class='ocrx_word' id='word_1_119' title='bbox 1226 1671 1228 1710; x_wconf 61' lang='lat' dir='ltr'><strong>r</strong></span> 
     </span>
     <span class='ocr_line' id='line_1_17' title="bbox 149 1726 1228 1813; baseline -0.003 -22"><span class='ocrx_word' id='word_1_120' title='bbox 149 1730 223 1792; x_wconf 92' lang='lat' dir='ltr'><strong>bens</strong></span> <span class='ocrx_word' id='word_1_121' title='bbox 248 1728 356 1812; x_wconf 89' lang='lat' dir='ltr'><strong>aliquid</strong></span> <span class='ocrx_word' id='word_1_122' title='bbox 382 1726 445 1813; x_wconf 91' lang='lat' dir='ltr'><strong>jam</strong></span> <span class='ocrx_word' id='word_1_123' title='bbox 470 1726 675 1813; x_wconf 88' lang='lat' dir='ltr'><strong>jucunditatis,</strong></span> <span class='ocrx_word' id='word_1_124' title='bbox 699 1730 785 1803; x_wconf 79' lang='lat' dir='ltr'><strong>Quid</strong></span> <span class='ocrx_word' id='word_1_125' title='bbox 814 1730 894 1790; x_wconf 85' lang='lat' dir='ltr'><strong>euim</strong></span> <span class='ocrx_word' id='word_1_126' title='bbox 923 1738 991 1790; x_wconf 82' lang='lat' dir='ltr'><strong>tuus</strong></span> <span class='ocrx_word' id='word_1_127' title='bbox 1019 1730 1087 1807; x_wconf 86' lang='lat' dir='ltr'><strong>ille,</strong></span> <span class='ocrx_word' id='word_1_128' title='bbox 1226 1743 1228 1758; x_wconf 78' lang='lat'>¹</span> 
     </span>
     <span class='ocr_line' id='line_1_18' title="bbox 157 1813 1088 1897; baseline -0.001 -20"><span class='ocrx_word' id='word_1_129' title='bbox 157 1814 288 1892; x_wconf 85' lang='lat' dir='ltr'><strong>Tubero,</strong></span> <span class='ocrx_word' id='word_1_130' title='bbox 305 1816 340 1877; x_wconf 85' lang='lat' dir='ltr'><strong>in</strong></span> <span class='ocrx_word' id='word_1_131' title='bbox 356 1815 420 1876; x_wconf 89' lang='lat' dir='ltr'><strong>ueie</strong></span> <span class='ocrx_word' id='word_1_132' title='bbox 437 1814 621 1877; x_wconf 84' lang='lat' dir='ltr'><strong>Pharsalico</strong></span> <span class='ocrx_word' id='word_1_133' title='bbox 637 1815 764 1895; x_wconf 85' lang='lat' dir='ltr'><strong>gladius</strong></span> <span class='ocrx_word' id='word_1_134' title='bbox 783 1813 920 1897; x_wconf 70' lang='lat' dir='ltr'><strong>agebat?</strong></span> <span class='ocrx_word' id='word_1_135' title='bbox 964 1813 1088 1876; x_wconf 84' lang='lat' dir='ltr'><strong>Plenius</strong></span> 
     </span>
     <span class='ocr_line' id='line_1_19' title="bbox 151 1899 1089 1983; baseline -0.001 -22"><span class='ocrx_word' id='word_1_136' title='bbox 151 1900 246 1963; x_wconf 86' lang='lat' dir='ltr'><strong>adhuc</strong></span> <span class='ocrx_word' id='word_1_137' title='bbox 269 1915 298 1961; x_wconf 93' lang='lat' dir='ltr'><strong>et</strong></span> <span class='ocrx_word' id='word_1_138' title='bbox 318 1900 436 1977; x_wconf 90' lang='lat' dir='ltr'><strong>lentius,</strong></span> <span class='ocrx_word' id='word_1_139' title='bbox 454 1900 581 1983; x_wconf 89' lang='lat' dir='ltr'><strong>ideoque</strong></span> <span class='ocrx_word' id='word_1_140' title='bbox 598 1900 725 1976; x_wconf 89' lang='lat' dir='ltr'><strong>dulcius,</strong></span> <span class='ocrx_word' id='word_1_141' title='bbox 745 1899 780 1960; x_wconf 85' lang='lat' dir='ltr'><strong>In</strong></span> <span class='ocrx_word' id='word_1_142' title='bbox 800 1909 884 1961; x_wconf 90' lang='lat' dir='ltr'><strong>coetu</strong></span> <span class='ocrx_word' id='word_1_143' title='bbox 897 1920 966 1960; x_wconf 83' lang='lat' dir='ltr'><strong>uero</strong></span> <span class='ocrx_word' id='word_1_144' title='bbox 978 1900 1089 1981; x_wconf 84' lang='lat' dir='ltr'><strong>populi</strong></span> 
     </span>
     <span class='ocr_line' id='line_1_20' title="bbox 151 1983 1228 2068; baseline 0 -23"><span class='ocrx_word' id='word_1_145' title='bbox 151 1983 284 2045; x_wconf 82' lang='lat' dir='ltr'><strong>Romani</strong></span> <span class='ocrx_word' id='word_1_146' title='bbox 299 1986 451 2065; x_wconf 84' lang='lat' dir='ltr'><strong>negotium</strong></span> <span class='ocrx_word' id='word_1_147' title='bbox 469 1984 627 2065; x_wconf 86' lang='lat' dir='ltr'><strong>publicum</strong></span> <span class='ocrx_word' id='word_1_148' title='bbox 640 2005 759 2066; x_wconf 85' lang='lat' dir='ltr'><strong>gerens.</strong></span> <span class='ocrx_word' id='word_1_149' title='bbox 808 1983 1010 2047; x_wconf 90' lang='lat' dir='ltr'><strong>Producenda</strong></span> <span class='ocrx_word' id='word_1_150' title='bbox 1025 2006 1089 2046; x_wconf 88' lang='lat' dir='ltr'><strong>om·</strong></span> <span class='ocrx_word' id='word_1_151' title='bbox 1225 2032 1228 2068; x_wconf 67' lang='lat'><strong>,</strong></span> 
     </span>
     <span class='ocr_line' id='line_1_21' title="bbox 150 2066 1123 2153; baseline 0.003 -25"><span class='ocrx_word' id='word_1_152' title='bbox 150 2066 208 2142; x_wconf 87' lang='lat' dir='ltr'><strong>nia,</strong></span> <span class='ocrx_word' id='word_1_153' title='bbox 226 2066 444 2150; x_wconf 84' lang='lat' dir='ltr'><strong>trahendaeque</strong></span> <span class='ocrx_word' id='word_1_154' title='bbox 460 2080 522 2130; x_wconf 91' lang='lat' dir='ltr'><strong>tum</strong></span> <span class='ocrx_word' id='word_1_155' title='bbox 538 2067 673 2145; x_wconf 90' lang='lat' dir='ltr'><strong>vocales,</strong></span> <span class='ocrx_word' id='word_1_156' title='bbox 691 2069 927 2153; x_wconf 81' lang='lat' dir='ltr'><strong>aperiendaeque</strong></span> <span class='ocrx_word' id='word_1_157' title='bbox 946 2082 1013 2132; x_wconf 91' lang='lat' dir='ltr'><strong>sunt</strong></span> <span class='ocrx_word' id='word_1_158' title='bbox 1027 2067 1123 2132; x_wconf 83' lang='lat' dir='ltr'><strong>sau-so</strong></span> 
     </span>
     <span class='ocr_line' id='line_1_22' title="bbox 150 2149 1090 2232; baseline 0.004 -20"><span class='ocrx_word' id='word_1_159' title='bbox 150 2171 213 2212; x_wconf 89' lang='lat' dir='ltr'><strong>ces.</strong></span> <span class='ocrx_word' id='word_1_160' title='bbox 262 2149 402 2214; x_wconf 90' lang='lat' dir='ltr'><strong>Pleniore</strong></span> <span class='ocrx_word' id='word_1_161' title='bbox 424 2166 521 2214; x_wconf 90' lang='lat' dir='ltr'><strong>tamen</strong></span> <span class='ocrx_word' id='word_1_162' title='bbox 544 2153 619 2216; x_wconf 90' lang='lat' dir='ltr'><strong>haec</strong></span> <span class='ocrx_word' id='word_1_163' title='bbox 642 2154 737 2216; x_wconf 87' lang='lat' dir='ltr'><strong>canali</strong></span> <span class='ocrx_word' id='word_1_164' title='bbox 761 2155 863 2232; x_wconf 86' lang='lat' dir='ltr'><strong>fluunt,</strong></span> <span class='ocrx_word' id='word_1_165' title='bbox 887 2155 956 2232; x_wconf 85' lang='lat' dir='ltr'><strong>Vos,</strong></span> <span class='ocrx_word' id='word_1_166' title='bbox 972 2153 1090 2216; x_wconf 71' lang='lat' dir='ltr'><strong>steens·</strong></span> 
     </span>
     <span class='ocr_line' id='line_1_23' title="bbox 150 2236 1087 2323; baseline 0.003 -26"><span class='ocrx_word' id='word_1_167' title='bbox 150 2236 259 2298; x_wconf 85' lang='lat' dir='ltr'><strong>tumuli</strong></span> <span class='ocrx_word' id='word_1_168' title='bbox 274 2247 360 2322; x_wconf 87' lang='lat' dir='ltr'><strong>utque</strong></span> <span class='ocrx_word' id='word_1_169' title='bbox 383 2237 454 2300; x_wconf 88' lang='lat' dir='ltr'><strong>lusi.</strong></span> <span class='ocrx_word' id='word_1_170' title='bbox 503 2237 574 2302; x_wconf 87' lang='lat' dir='ltr'><strong>Jam</strong></span> <span class='ocrx_word' id='word_1_171' title='bbox 596 2239 704 2302; x_wconf 88' lang='lat' dir='ltr'><strong>cantici</strong></span> <span class='ocrx_word' id='word_1_172' title='bbox 721 2239 859 2323; x_wconf 87' lang='lat' dir='ltr'><strong>quiddam</strong></span> <span class='ocrx_word' id='word_1_173' title='bbox 883 2239 1003 2316; x_wconf 90' lang='lat' dir='ltr'><strong>habent,</strong></span> <span class='ocrx_word' id='word_1_174' title='bbox 1021 2261 1087 2302; x_wconf 90' lang='lat' dir='ltr'><strong>sen·</strong></span> 
     </span>
     <span class='ocr_line' id='line_1_24' title="bbox 150 2321 1089 2408; baseline 0.004 -26"><span class='ocrx_word' id='word_1_175' title='bbox 150 2321 266 2406; x_wconf 87' lang='lat' dir='ltr'><strong>simque</strong></span> <span class='ocrx_word' id='word_1_176' title='bbox 290 2345 356 2386; x_wconf 89' lang='lat' dir='ltr'><strong>resu</strong></span> <span class='ocrx_word' id='word_1_177' title='bbox 379 2323 425 2386; x_wconf 88' lang='lat' dir='ltr'><strong>ina</strong></span> <span class='ocrx_word' id='word_1_178' title='bbox 448 2338 534 2386; x_wconf 92' lang='lat' dir='ltr'><strong>sunt:</strong></span> <span class='ocrx_word' id='word_1_179' title='bbox 564 2326 647 2386; x_wconf 79' lang='lat' dir='ltr'><strong>Saso</strong></span> <span class='ocrx_word' id='word_1_180' title='bbox 667 2334 754 2408; x_wconf 87' lang='lat' dir='ltr'><strong>etque</strong></span> <span class='ocrx_word' id='word_1_181' title='bbox 772 2325 949 2387; x_wconf 81' lang='lat' dir='ltr'><strong>solitudines</strong></span> <span class='ocrx_word' id='word_1_182' title='bbox 962 2325 1029 2387; x_wconf 87' lang='lat' dir='ltr'><strong>oeci</strong></span> <span class='ocrx_word' id='word_1_183' title='bbox 1042 2345 1089 2386; x_wconf 84' lang='lat' dir='ltr'><strong>re·</strong></span> 
     </span>
     <span class='ocr_line' id='line_1_25' title="bbox 149 2347 1089 2493; baseline 0.003 -25"><span class='ocrx_word' id='word_1_184' title='bbox 149 2408 304 2488; x_wconf 85' lang='lat' dir='ltr'><strong>spondent.</strong></span> <span class='ocrx_word' id='word_1_185' title='bbox 354 2347 447 2472; x_wconf 72' lang='lat' dir='ltr'><strong>JPales</strong></span> <span class='ocrx_word' id='word_1_186' title='bbox 463 2423 530 2472; x_wconf 89' lang='lat' dir='ltr'><strong>sunt</strong></span> <span class='ocrx_word' id='word_1_187' title='bbox 545 2411 610 2472; x_wconf 89' lang='lat' dir='ltr'><strong>illae</strong></span> <span class='ocrx_word' id='word_1_188' title='bbox 626 2411 828 2473; x_wconf 85' lang='lat' dir='ltr'><strong>inclinationes</strong></span> <span class='ocrx_word' id='word_1_189' title='bbox 843 2410 940 2488; x_wconf 87' lang='lat' dir='ltr'><strong>vocis,</strong></span> <span class='ocrx_word' id='word_1_190' title='bbox 957 2431 1031 2493; x_wconf 88' lang='lat' dir='ltr'><strong>quas</strong></span> <span class='ocrx_word' id='word_1_191' title='bbox 1046 2409 1089 2471; x_wconf 92' lang='lat' dir='ltr'><strong>in·</strong></span> 
     </span>
     <span class='ocr_line' id='line_1_26' title="bbox 150 2491 1126 2579; baseline 0.005 -26"><span class='ocrx_word' id='word_1_192' title='bbox 150 2491 248 2554; x_wconf 87' lang='lat' dir='ltr'><strong>vicem</strong></span> <span class='ocrx_word' id='word_1_193' title='bbox 271 2492 497 2556; x_wconf 88' lang='lat' dir='ltr'><strong>Demosthenes</strong></span> <span class='ocrx_word' id='word_1_194' title='bbox 520 2509 607 2578; x_wconf 89' lang='lat' dir='ltr'><strong>atque</strong></span> <span class='ocrx_word' id='word_1_195' title='bbox 626 2494 796 2558; x_wconf 88' lang='lat' dir='ltr'><strong>Aeschines</strong></span> <span class='ocrx_word' id='word_1_196' title='bbox 819 2496 1012 2579; x_wconf 88' lang='lat' dir='ltr'><strong>exprobrant,</strong></span> <span class='ocrx_word' id='word_1_197' title='bbox 1030 2516 1126 2558; x_wconf 80' lang='lat' dir='ltr'><strong>nonas</strong></span> 
     </span>
     <span class='ocr_line' id='line_1_27' title="bbox 150 2575 1088 2664; baseline 0.005 -27"><span class='ocrx_word' id='word_1_198' title='bbox 150 2575 218 2638; x_wconf 92' lang='lat' dir='ltr'><strong>ideo</strong></span> <span class='ocrx_word' id='word_1_199' title='bbox 245 2579 482 2660; x_wconf 88' lang='lat' dir='ltr'><strong>improbandae:</strong></span> <span class='ocrx_word' id='word_1_200' title='bbox 507 2601 574 2640; x_wconf 87' lang='lat' dir='ltr'><strong>cum</strong></span> <span class='ocrx_word' id='word_1_201' title='bbox 599 2579 677 2641; x_wconf 90' lang='lat' dir='ltr'><strong>enim</strong></span> <span class='ocrx_word' id='word_1_202' title='bbox 701 2594 824 2662; x_wconf 89' lang='lat' dir='ltr'><strong>uterque</strong></span> <span class='ocrx_word' id='word_1_203' title='bbox 847 2580 930 2642; x_wconf 90' lang='lat' dir='ltr'><strong>alteri</strong></span> <span class='ocrx_word' id='word_1_204' title='bbox 953 2580 1088 2664; x_wconf 90' lang='lat' dir='ltr'><strong>objiciat,</strong></span> 
     </span>
     <span class='ocr_line' id='line_1_28' title="bbox 149 2660 1089 2748; baseline 0.006 -28"><span class='ocrx_word' id='word_1_205' title='bbox 149 2660 246 2741; x_wconf 85' lang='lat' dir='ltr'><strong>polum</strong></span> <span class='ocrx_word' id='word_1_206' title='bbox 263 2675 308 2721; x_wconf 90' lang='lat' dir='ltr'><strong>est</strong></span> <span class='ocrx_word' id='word_1_207' title='bbox 324 2676 479 2742; x_wconf 88' lang='lat' dir='ltr'><strong>utrumque</strong></span> <span class='ocrx_word' id='word_1_208' title='bbox 495 2660 613 2724; x_wconf 87' lang='lat' dir='ltr'><strong>secisse.</strong></span> <span class='ocrx_word' id='word_1_209' title='bbox 661 2661 740 2724; x_wconf 90' lang='lat' dir='ltr'><strong>Nam</strong></span> <span class='ocrx_word' id='word_1_210' title='bbox 761 2686 858 2747; x_wconf 92' lang='lat' dir='ltr'><strong>neque</strong></span> <span class='ocrx_word' id='word_1_211' title='bbox 876 2665 925 2726; x_wconf 91' lang='lat' dir='ltr'><strong>ille</strong></span> <span class='ocrx_word' id='word_1_212' title='bbox 946 2687 1000 2748; x_wconf 90' lang='lat' dir='ltr'><strong>per</strong></span> <span class='ocrx_word' id='word_1_213' title='bbox 1019 2663 1089 2726; x_wconf 90' lang='lat' dir='ltr'><strong>Ma·</strong></span> 
     </span>
     <span class='ocr_line' id='line_1_29' title="bbox 149 2741 1091 2829; baseline 0.011 -27"><span class='ocrx_word' id='word_1_214' title='bbox 149 2741 275 2802; x_wconf 81' lang='lat' dir='ltr'><strong>rothonis</strong></span> <span class='ocrx_word' id='word_1_215' title='bbox 289 2757 318 2801; x_wconf 90' lang='lat' dir='ltr'><strong>et</strong></span> <span class='ocrx_word' id='word_1_216' title='bbox 331 2743 519 2802; x_wconf 86' lang='lat' dir='ltr'><strong>Plataearum</strong></span> <span class='ocrx_word' id='word_1_217' title='bbox 536 2760 566 2804; x_wconf 87' lang='lat' dir='ltr'><strong>et</strong></span> <span class='ocrx_word' id='word_1_218' title='bbox 584 2746 741 2808; x_wconf 88' lang='lat' dir='ltr'><strong>Salaminis</strong></span> <span class='ocrx_word' id='word_1_219' title='bbox 758 2763 991 2829; x_wconf 83' lang='lat' dir='ltr'><strong>propugnatores</strong></span> <span class='ocrx_word' id='word_1_220' title='bbox 1002 2764 1091 2812; x_wconf 89' lang='lat' dir='ltr'><strong>recto</strong></span> 
     </span>
     <span class='ocr_line' id='line_1_30' title="bbox 148 2823 937 2906; baseline 0.006 -21"><span class='ocrx_word' id='word_1_221' title='bbox 148 2845 221 2885; x_wconf 86' lang='lat' dir='ltr'><strong>sono</strong></span> <span class='ocrx_word' id='word_1_222' title='bbox 233 2823 353 2906; x_wconf 87' lang='lat' dir='ltr'><strong>juravit,</strong></span> <span class='ocrx_word' id='word_1_223' title='bbox 372 2844 428 2883; x_wconf 90' lang='lat' dir='ltr'><strong>nec</strong></span> <span class='ocrx_word' id='word_1_224' title='bbox 446 2824 493 2884; x_wconf 92' lang='lat' dir='ltr'><strong>ille</strong></span> <span class='ocrx_word' id='word_1_225' title='bbox 512 2825 637 2887; x_wconf 87' lang='lat' dir='ltr'><strong>Thebas</strong></span> <span class='ocrx_word' id='word_1_226' title='bbox 653 2848 791 2889; x_wconf 91' lang='lat' dir='ltr'><strong>sermone</strong></span> <span class='ocrx_word' id='word_1_227' title='bbox 806 2831 937 2890; x_wconf 89' lang='lat' dir='ltr'><strong>deflevit.</strong></span> 
     </span>
    </p>

    <p class='ocr_par' dir='ltr' id='par_1_5' title="bbox 101 2905 1125 3341">
     <span class='ocr_line' id='line_1_31' title="bbox 192 2905 1125 2995; baseline 0.011 -27"><span class='ocrx_word' id='word_1_228' title='bbox 192 2905 249 2969; x_wconf 86' lang='lat' dir='ltr'><strong>Est</strong></span> <span class='ocrx_word' id='word_1_229' title='bbox 278 2907 323 2970; x_wconf 90' lang='lat' dir='ltr'><strong>his</strong></span> <span class='ocrx_word' id='word_1_230' title='bbox 347 2907 464 2970; x_wconf 86' lang='lat' dir='ltr'><strong>diversa</strong></span> <span class='ocrx_word' id='word_1_231' title='bbox 486 2929 558 2984; x_wconf 88' lang='lat' dir='ltr'><strong>vox,</strong></span> <span class='ocrx_word' id='word_1_232' title='bbox 582 2923 611 2971; x_wconf 90' lang='lat' dir='ltr'><strong>et</strong></span> <span class='ocrx_word' id='word_1_233' title='bbox 641 2931 736 2992; x_wconf 88' lang='lat' dir='ltr'><strong>paene</strong></span> <span class='ocrx_word' id='word_1_234' title='bbox 760 2926 844 2973; x_wconf 84' lang='lat' dir='ltr'><strong>extra</strong></span> <span class='ocrx_word' id='word_1_235' title='bbox 866 2928 1020 2995; x_wconf 80' lang='lat' dir='ltr'><strong>organum,</strong></span> <span class='ocrx_word' id='word_1_236' title='bbox 1038 2919 1125 2980; x_wconf 82' lang='lat' dir='ltr'><strong>cuiae</strong></span> 
     </span>
     <span class='ocr_line' id='line_1_32' title="bbox 150 2991 1089 3079; baseline 0.011 -23"><span class='ocrx_word' id='word_1_237' title='bbox 150 2991 260 3056; x_wconf 82' lang='lat' dir='ltr'><strong>Graeci</strong></span> <span class='ocrx_word' id='word_1_238' title='bbox 277 3015 385 3056; x_wconf 89' lang='lat' dir='ltr'><strong>nomen</strong></span> <span class='ocrx_word' id='word_1_239' title='bbox 401 2993 617 3056; x_wconf 84' lang='lat' dir='ltr'><strong>amaritudinis</strong></span> <span class='ocrx_word' id='word_1_240' title='bbox 633 2995 788 3073; x_wconf 88' lang='lat' dir='ltr'><strong>dederunt,</strong></span> <span class='ocrx_word' id='word_1_241' title='bbox 806 3018 894 3079; x_wconf 87' lang='lat' dir='ltr'><strong>supra</strong></span> <span class='ocrx_word' id='word_1_242' title='bbox 911 2999 1036 3062; x_wconf 89' lang='lat' dir='ltr'><strong>modum</strong></span> <span class='ocrx_word' id='word_1_243' title='bbox 1051 3024 1089 3066; x_wconf 91' lang='lat' dir='ltr'><strong>ac</strong></span> 
     </span>
     <span class='ocr_line' id='line_1_33' title="bbox 149 3079 1089 3168; baseline 0.006 -25"><span class='ocrx_word' id='word_1_244' title='bbox 149 3103 243 3163; x_wconf 85' lang='lat' dir='ltr'><strong>paene</strong></span> <span class='ocrx_word' id='word_1_245' title='bbox 258 3097 389 3144; x_wconf 86' lang='lat' dir='ltr'><strong>naturam</strong></span> <span class='ocrx_word' id='word_1_246' title='bbox 406 3079 489 3142; x_wconf 88' lang='lat' dir='ltr'><strong>vocis</strong></span> <span class='ocrx_word' id='word_1_247' title='bbox 506 3081 650 3158; x_wconf 85' lang='lat' dir='ltr'><strong>humanae</strong></span> <span class='ocrx_word' id='word_1_248' title='bbox 666 3081 796 3144; x_wconf 88' lang='lat' dir='ltr'><strong>acerba:</strong></span> <span class='ocrx_word' id='word_1_249' title='bbox 828 3084 913 3159; x_wconf 80' lang='lat' dir='ltr'><strong>Quin</strong></span> <span class='ocrx_word' id='word_1_250' title='bbox 929 3089 1089 3168; x_wconf 83' lang='lat' dir='ltr'><strong>compesci-</strong></span> 
     </span>
     <span class='ocr_line' id='line_1_34' title="bbox 148 3166 1089 3252; baseline 0.012 -28"><span class='ocrx_word' id='word_1_251' title='bbox 148 3166 186 3226; x_wconf 88' lang='lat' dir='ltr'><strong>tis</strong></span> <span class='ocrx_word' id='word_1_252' title='bbox 208 3188 306 3228; x_wconf 85' lang='lat' dir='ltr'><strong>uocem</strong></span> <span class='ocrx_word' id='word_1_253' title='bbox 328 3167 427 3244; x_wconf 84' lang='lat' dir='ltr'><strong>istum,</strong></span> <span class='ocrx_word' id='word_1_254' title='bbox 444 3166 575 3230; x_wconf 85' lang='lat' dir='ltr'><strong>indicem</strong></span> <span class='ocrx_word' id='word_1_255' title='bbox 598 3167 753 3244; x_wconf 87' lang='lat' dir='ltr'><strong>stultitius,</strong></span> <span class='ocrx_word' id='word_1_256' title='bbox 772 3178 869 3230; x_wconf 87' lang='lat' dir='ltr'><strong>testem</strong></span> <span class='ocrx_word' id='word_1_257' title='bbox 889 3169 1089 3252; x_wconf 61' lang='lat' dir='ltr'><strong>paucitatis?²</strong></span> 
     </span>
     <span class='ocr_line' id='line_1_35' title="bbox 101 3247 1088 3341; baseline 0.009 -29"><span class='ocrx_word' id='word_1_258' title='bbox 101 3311 105 3319; x_wconf 88' lang='grc'>,</span> <span class='ocrx_word' id='word_1_259' title='bbox 152 3247 215 3312; x_wconf 81' lang='lat' dir='ltr'><strong>Sed</strong></span> <span class='ocrx_word' id='word_1_260' title='bbox 232 3250 273 3325; x_wconf 93' lang='lat' dir='ltr'><strong>id,</strong></span> <span class='ocrx_word' id='word_1_261' title='bbox 291 3252 371 3332; x_wconf 91' lang='lat' dir='ltr'><strong>quod</strong></span> <span class='ocrx_word' id='word_1_262' title='bbox 387 3253 537 3315; x_wconf 86' lang='lat' dir='ltr'><strong>excedere</strong></span> <span class='ocrx_word' id='word_1_263' title='bbox 553 3255 675 3317; x_wconf 90' lang='lat' dir='ltr'><strong>modum</strong></span> <span class='ocrx_word' id='word_1_264' title='bbox 691 3254 764 3332; x_wconf 86' lang='lat' dir='ltr'><strong>dixi,</strong></span> <span class='ocrx_word' id='word_1_265' title='bbox 783 3255 812 3316; x_wconf 88' lang='lat' dir='ltr'><strong>in</strong></span> <span class='ocrx_word' id='word_1_266' title='bbox 829 3255 879 3318; x_wconf 83' lang='lat' dir='ltr'><strong>ille</strong></span> <span class='ocrx_word' id='word_1_267' title='bbox 892 3269 976 3339; x_wconf 89' lang='lat' dir='ltr'><strong>parte</strong></span> <span class='ocrx_word' id='word_1_268' title='bbox 993 3257 1088 3341; x_wconf 85' lang='lat' dir='ltr'><strong>prima</strong></span> 
     </span>
    </p>
   </div>
   <div class='ocr_carea' id='block_1_3' title="bbox 149 3333 1121 3417">
    <p class='ocr_par' dir='ltr' id='par_1_6' title="bbox 149 3333 1121 3417">
     <span class='ocr_line' id='line_1_36' title="bbox 149 3333 1121 3417; baseline 0.022 -26"><span class='ocrx_word' id='word_1_269' title='bbox 149 3345 205 3405; x_wconf 82' lang='lat' dir='ltr'><strong>est,</strong></span> <span class='ocrx_word' id='word_1_270' title='bbox 230 3333 315 3406; x_wconf 82' lang='lat' dir='ltr'><strong>Quin</strong></span> <span class='ocrx_word' id='word_1_271' title='bbox 332 3338 525 3417; x_wconf 85' lang='lat' dir='ltr'><strong>compescitis.</strong></span> <span class='ocrx_word' id='word_1_272' title='bbox 1092 3361 1121 3402; x_wconf 56' lang='grc' dir='ltr'>ὅ</span> 
     </span>
    </p>
   </div>
   <div class='ocr_carea' id='block_1_4' title="bbox 149 3413 1085 3680">
    <p class='ocr_par' dir='ltr' id='par_1_7' title="bbox 149 3413 1085 3680">
     <span class='ocr_line' id='line_1_37' title="bbox 191 3413 1085 3504; baseline 0.016 -29"><span class='ocrx_word' id='word_1_273' title='bbox 191 3413 350 3498; x_wconf 78' lang='lat' dir='ltr'><strong>EpiloguS,</strong></span> <span class='ocrx_word' id='word_1_274' title='bbox 376 3419 400 3480; x_wconf 92' lang='lat' dir='ltr'><strong>si</strong></span> <span class='ocrx_word' id='word_1_275' title='bbox 423 3423 674 3486; x_wconf 83' lang='lat' dir='ltr'><strong>enumerationem</strong></span> <span class='ocrx_word' id='word_1_276' title='bbox 697 3447 795 3487; x_wconf 90' lang='lat' dir='ltr'><strong>rerum</strong></span> <span class='ocrx_word' id='word_1_277' title='bbox 819 3425 919 3504; x_wconf 91' lang='lat' dir='ltr'><strong>habet,</strong></span> <span class='ocrx_word' id='word_1_278' title='bbox 938 3426 1085 3489; x_wconf 81' lang='lat' dir='ltr'><strong>desiderat</strong></span> 
     </span>
     <span class='ocr_line' id='line_1_38' title="bbox 149 3501 1084 3648; baseline 0.009 -82"><span class='ocrx_word' id='word_1_279' title='bbox 149 3501 296 3648; x_wconf 79' lang='lat' dir='ltr'><strong>quandam</strong></span> <span class='ocrx_word' id='word_1_280' title='bbox 321 3503 509 3566; x_wconf 88' lang='lat' dir='ltr'><strong>concisorum</strong></span> <span class='ocrx_word' id='word_1_281' title='bbox 532 3508 807 3586; x_wconf 67' lang='lat' dir='ltr'><strong>continuationem</strong></span> <span class='ocrx_word' id='word_1_282' title='bbox 830 3511 854 3572; x_wconf 93' lang='lat' dir='ltr'><strong>si</strong></span> <span class='ocrx_word' id='word_1_283' title='bbox 877 3512 914 3573; x_wconf 88' lang='lat' dir='ltr'><strong>ad</strong></span> <span class='ocrx_word' id='word_1_284' title='bbox 934 3511 1084 3574; x_wconf 88' lang='lat' dir='ltr'><strong>concitan-</strong></span> 
     </span>
     <span class='ocr_line' id='line_1_39' title="bbox 170 3586 1085 3680; baseline 0.014 -31"><span class='ocrx_word' id='word_1_285' title='bbox 170 3608 204 3650; x_wconf 92' lang='lat' dir='ltr'><strong>os</strong></span> <span class='ocrx_word' id='word_1_286' title='bbox 223 3586 341 3672; x_wconf 90' lang='lat' dir='ltr'><strong>judices</strong></span> <span class='ocrx_word' id='word_1_287' title='bbox 362 3601 407 3649; x_wconf 91' lang='lat' dir='ltr'><strong>est</strong></span> <span class='ocrx_word' id='word_1_288' title='bbox 427 3593 683 3670; x_wconf 88' lang='lat' dir='ltr'><strong>accommodatus,</strong></span> <span class='ocrx_word' id='word_1_289' title='bbox 701 3595 810 3678; x_wconf 92' lang='lat' dir='ltr'><strong>aliquid</strong></span> <span class='ocrx_word' id='word_1_290' title='bbox 826 3617 865 3658; x_wconf 88' lang='lat' dir='ltr'><strong>ex</strong></span> <span class='ocrx_word' id='word_1_291' title='bbox 880 3596 1021 3680; x_wconf 38' lang='lat' dir='ltr'><strong>iis,‡quae</strong></span> <span class='ocrx_word' id='word_1_292' title='bbox 1035 3619 1085 3662; x_wconf 83' lang='lat' dir='ltr'><strong>su·</strong></span> 
     </span>
    </p>
   </div>
   <div class='ocr_carea' id='block_1_5' title="bbox 0 0 1234 4200">
    <p class='ocr_par' dir='ltr' id='par_1_8' title="bbox 0 0 1234 4200">
     <span class='ocr_line' id='line_1_40' title="bbox 0 0 1234 4200; baseline 0 0"><span class='ocrx_word' id='word_1_293' title='bbox 0 0 1234 4200; x_wconf 95' lang='lat' dir='ltr'><strong> </strong></span> 
     </span>
    </p>
   </div>
   <div class='ocr_carea' id='block_1_6' title="bbox 1228 2376 1230 3519">
    <p class='ocr_par' dir='ltr' id='par_1_9' title="bbox 1228 2376 1230 3519">
     <span class='ocr_line' id='line_1_41' title="bbox 1228 2376 1230 3519; baseline 0 0"><span class='ocrx_word' id='word_1_294' title='bbox 1228 2376 1230 3519; x_wconf 95' lang='lat' dir='ltr'><strong> </strong></span> 
     </span>
    </p>
   </div>
  </div>
 </body>
</html>
