2459 4200
347 263 501 308 sacroru
518 262 669 317 eunome
685 263 821 308 enarra.
1027 251 1072 312 46

124 417 217 482 sarius
233 414 373 492 fateatur,
390 415 462 500 quid
477 437 554 480 noa:
577 415 606 478 in
621 436 672 494 eo,
686 415 800 500 dequo
814 414 983 501 ambigitur,
993 437 1072 516 quae

122 519 243 568 nostrae
258 501 494 587 propositiones,
511 523 588 587 quae
602 502 694 586 partis
709 501 864 566 adversae.
913 501 1070 588 Turpissi-

123 611 205 653 mum
220 610 308 666 vero,
321 608 380 649 non
396 588 505 652 eodem
519 587 625 652 ordine
639 587 762 673 exequi,
776 609 837 673 quo
852 587 984 674 quidque
998 610 1069 674 pro·

124 674 272 760 posueris.
325 672 403 754 [lv.
424 674 471 752 5.]

478 1048 620 1109 CAPUT
640 1049 712 1110 ΧΠ.

392 1229 433 1270 ΒΕ
448 1231 507 1272 USU
522 1230 797 1272 ARGUMENTOBUM.

101 1401 116 1439 s
172 1375 364 1441 Tururrun
381 1373 444 1440 sere
460 1391 517 1454 est,
536 1375 760 1459 Argumentum
775 1384 909 1460 oportere
923 1397 982 1440 crte
998 1397 1068 1442 coa·

125 1459 263 1544 semum:
282 1462 385 1524 dubiis
396 1463 475 1524 crtim
481 1461 610 1546 probari
623 1462 718 1526 dubia
729 1463 940 1547 quipoatttrtt?
962 1463 1067 1536 Quae·

124 1548 194 1611 dam
213 1561 324 1625 tamen,
342 1567 418 1630 quae
436 1547 466 1610 in
483 1547 602 1610 alterius
622 1549 665 1612 rei
689 1549 896 1632 probationem
915 1550 1065 1630 ducimus,

124 1632 190 1715 ipsa
206 1632 359 1716 probanda
379 1647 454 1696 sunt.
508 1631 658 1696 Occidisti
671 1635 782 1712 cirum,
799 1655 868 1696 crat
882 1637 963 1698 enim
977 1635 1066 1698 adul·

7 1781 8 1784 Ἴ
123 1726 198 1778 tera.
246 1717 337 1781 Prius
353 1719 391 1781 de
407 1717 551 1781 adulterio
567 1720 807 1783 convincendum
822 1733 880 1796 est,
891 1735 936 1796 ut,
949 1741 1020 1782 cum
1035 1720 1067 1784 id

7 1813 8 1816 ’
90 1803 260 1886 incoeperit
275 1825 344 1866 esse
359 1825 414 1888 pro
430 1817 526 1881 certo,
543 1805 594 1866 fiat
609 1805 714 1867 incerti
729 1816 944 1886 argumentum.
996 1803 1068 1885 upt-

126 1889 231 1949 cuium
259 1897 343 1951 totam
372 1889 407 1950 in
437 1909 559 1972 corpore
590 1889 684 1951 occisi
713 1890 868 1950 iacentum
890 1898 957 1951 ttt:
979 1901 1068 1972 negat

124 1993 237 2036 auum:
260 1987 291 2036 ut
306 1973 473 2058 probationi
490 1973 594 2058 prosit,
612 1974 798 2059 probandum
814 1987 871 2038 est.
911 1971 991 2038 Illud
1006 1973 1067 2038 hoc

124 2057 194 2121 loco
218 2059 440 2123 monere·inter
461 2060 630 2124 necessaria
654 2075 711 2139 est,
729 2060 808 2123 nulla
830 2081 899 2124 esse
921 2060 1064 2141 firmiora,

124 2164 213 2227 quam
236 2166 315 2228 quae
337 2166 376 2209 ex
399 2145 495 2209 dubiis
518 2144 596 2209 sacta
619 2162 687 2209 sunt
707 2160 801 2209 certa.
852 2145 970 2225 Occdcr
995 2167 1017 2207 a
1038 2155 1068 2207 tc

91 2230 283 2295 recommiam
297 2240 350 2309 eat,
368 2241 523 2293 cruentam
542 2231 624 2292 enim
642 2240 748 2292 cedem
769 2229 925 2290 habuisti:
946 2250 1007 2291 non
1020 2242 1069 2292 est

124 2328 187 2377 tarn
206 2336 295 2399 grave
314 2330 529 2399 argumentum,
547 2314 572 2376 si
587 2313 705 2390 fatetur,
722 2333 812 2395 qnam
827 2312 853 2373 si
868 2312 1064 2374 convincitur.

124 2398 206 2462 Nam
229 2400 255 2463 si
283 2398 400 2477 fatetur,
428 2399 527 2463 multis
551 2420 591 2461 ex
615 2398 714 2461 causis
737 2395 834 2481 potuit
854 2410 978 2460 cruenta
999 2417 1067 2460 esse

124 2485 240 2562 vestis3
264 2486 288 2548 si
306 2499 407 2569 negat,
424 2486 473 2548 hic
496 2506 605 2549 causae
629 2484 781 2547 cardinem
803 2482 899 2566 ponit,
916 2481 946 2545 in
963 2482 1068 2567 quusi

124 2570 222 2634 victus
237 2568 336 2649 suerit,
354 2571 442 2633 etiam
460 2571 490 2632 in
508 2570 699 2653 sequentibus
720 2568 787 2632 ruit.
833 2568 903 2632 Non
926 2570 1006 2633 cuim
1022 2568 1067 2632 vi·

90 2654 211 2719 nodetur
227 2656 256 2718 in
274 2656 412 2739 negando
429 2655 602 2719 mentiturus
625 2654 728 2733 fnisse,
744 2654 801 2717 nisi
818 2654 1020 2739 desperasset,
1036 2655 1068 2719 id

124 2760 216 2823 posse
232 2740 364 2818 defendi,
381 2741 406 2804 si
422 2742 622 2805 confiteretur.

168 2825 363 2891 Firmissimis
386 2842 625 2908 argumentorum
647 2827 769 2911 siugulis
791 2826 971 2903 instandum,
988 2826 1067 2888 infir·

123 2910 218 2974 miora
243 2912 451 2995 congreganda
475 2928 563 2976 sunt:
587 2914 656 2995 quia
679 2913 739 2989 iila,
757 2934 812 2995 per
834 2934 868 2975 se
891 2910 989 2988 sortia,
1004 2932 1067 2973 non

123 3011 245 3079 oportet
267 2998 525 3061 circumstantibus
549 3000 724 3073 obscurare,
741 3012 784 3071 nt,
801 2997 899 3075 qualia
920 3008 998 3068 suut,
1014 3015 1068 3074 ap·

90 3080 272 3163 aspareauti
302 3083 389 3159 haec,
416 3083 565 3147 imbecilla
588 3094 703 3156 natura,
724 3091 827 3139 mutuo
849 3077 958 3137 auxilio
980 3076 1068 3137 susti·

123 3178 243 3227 nentur.
290 3166 407 3251 Itaque,
436 3169 461 3231 si
489 3190 549 3229 non
580 3176 706 3250 possunt
734 3159 847 3237 valere,
872 3159 941 3260 quia
964 3180 1069 3247 magna

123 3265 215 3328 suut3
239 3252 389 3331 valebunt,
406 3254 474 3337 qnia
497 3252 588 3315 muita
611 3263 690 3326 sunt,
707 3268 785 3332 quae
806 3249 845 3310 ad
867 3248 1004 3332 ejusdem
1022 3250 1066 3315 rei

123 3338 334 3419 probationem
356 3339 457 3401 omnia
480 3352 628 3420 spectant.
676 3334 733 3414 Ut,
758 3334 783 3398 si
805 3335 872 3419 quis
894 3335 1068 3401 hereditatis

122 3422 215 3503 gratia
238 3424 391 3488 hominem
414 3423 564 3487 occidisse
588 3422 715 3499 dicatur,
740 3421 946 3485 Hereditatem
967 3444 1069 3503 eperc-

52 3562 60 3577 ,
93 3504 188 3585 robur,
212 3518 239 3571 ct
269 3530 415 3592 cingnum
437 3509 642 3585 hereditatem,
666 3518 693 3571 ct
713 3529 831 3592 pauper
852 3530 932 3583 erar,
957 3516 1069 3566 ettam

124 3596 250 3658 marimo
266 3616 286 3657 a
302 3596 502 3659 creditoribus
517 3595 745 3679 appellabaris:
768 3604 795 3656 ct
809 3592 975 3677 offenderas
989 3606 1068 3665 cum,
