2459 4200
26 5 33 22 .

19 428 25 576 l

348 233 500 280 snnrcra
518 235 669 290 ananau
686 237 822 282 carran.
1030 225 1077 290 ⁴0

128 407 167 450 cx
187 399 284 448 matre
308 385 433 468 optima,
455 400 543 468 atqua
573 407 694 450 omnem
718 387 838 452 laudern
866 411 1073 488 supergressa,

126 491 239 556 paucos
263 483 332 534 ante
355 491 474 534 menses
505 491 660 554 ceperam,
679 474 820 556 gratulor.
867 473 971 540 Mnus
993 479 1073 544 enirn

126 555 431 706 isgssffi‘isifndum
451 577 521 620 meo
542 557 676 636 nornine,
693 580 784 642 quam
797 560 879 644 quod
901 561 979 626 illios
1000 585 1071 647 gau·

107 745 120 784 a
171 725 242 790 Una
257 741 325 810 post
341 726 417 790 haec
434 725 609 799 Quintiliani
625 728 684 792 mei
705 751 761 813 spe
776 751 813 794 ac
830 731 982 814 voluptate
996 734 1071 798 nite·

18 855 21 874 1
127 813 205 876 bar:
228 825 389 910 etpoterat
409 814 547 876 sufficere
568 813 687 878 solatio.
733 815 805 880 Non
819 816 900 880 enim
914 817 1069 900 flosculos,

126 897 204 961 siem
217 919 311 982 prior,
328 899 384 960 sed
402 897 466 982 jam
487 898 638 964 decimum
658 902 763 964 aetatis
782 902 933 986 ingressus
947 925 1069 983 annum,

126 998 225 1048 certos
242 1005 279 1046 ac
292 982 475 1048 deformatos
487 982 598 1048 fructus
614 988 798 1051 ostenderat.
831 986 855 1050 J
857 1010 911 1052 uro
925 1011 980 1073 per
994 991 1070 1055 mala

18 1137 21 1146 ¹
126 1089 206 1144 mea,
224 1090 277 1152 per
299 1068 449 1131 infelicem
472 1070 699 1147 conscientiam,
718 1095 772 1156 per
793 1073 860 1138 illos
881 1095 998 1152 manes,
1014 1097 1069 1140 nu·

93 1171 118 1210 n
126 1154 208 1217 mina
222 1153 281 1216 mei
297 1154 419 1230 doloris,
436 1155 488 1217 lias
505 1177 552 1217 me
568 1155 597 1218 in
614 1157 665 1218 illo
680 1158 792 1220 vidisse
807 1159 931 1222 virtutes
946 1159 1068 1242 ingenii,

126 1261 188 1301 non
209 1240 299 1301 modo
320 1241 357 1304 ad
378 1239 590 1323 percipiendas
606 1240 790 1324 disciplinas,
805 1263 866 1324 quo
881 1243 953 1304 nibil
968 1264 1068 1325 praes·

125 1325 234 1388 tentius
257 1325 396 1407 cognovi,
422 1325 548 1408 plurima
571 1339 726 1408 expertus,
750 1326 899 1409 studiique
920 1326 1070 1410 jamtum

18 1420 20 1426 '
124 1431 182 1474 nou
206 1411 318 1487 coacti,
340 1410 452 1486 (sciunt
474 1412 717 1494 praeceptores,)
743 1412 799 1476 sed
822 1412 988 1495 probitatis,
1004 1413 1068 1496 pie·

124 1496 203 1574 tatis,
228 1496 429 1572 humanitatis,
453 1496 644 1574 liberalitatis,
667 1510 699 1560 ut
720 1519 842 1580 prorsus
868 1513 973 1581 posset
996 1499 1067 1564 binc

91 1598 192 1644 messe
223 1581 295 1644 tanti
317 1579 445 1644 fulminis
468 1596 577 1656 metus,
602 1583 683 1665 quod
708 1583 900 1646 observatum
921 1582 986 1646 fere
1006 1599 1065 1662 est,

123 1667 250 1730 celerius
274 1666 416 1730 occidere
435 1665 603 1730 festinatam
626 1669 847 1732 maturitatem:
871 1683 902 1731 et
923 1689 992 1731 esse
1014 1691 1067 1732 ne·

122 1753 188 1817 scio
204 1773 306 1836 quatu,
323 1773 399 1836 quae
420 1774 490 1834 spes
513 1768 606 1816 tantas
628 1753 784 1835 decerpat,
800 1753 954 1827 invidiam,
971 1773 1009 1814 oe
1024 1753 1067 1814 ri·

123 1839 236 1901 delicet
250 1837 335 1916 ultra,
352 1859 441 1920 quam
456 1837 568 1902 homini
584 1838 684 1900 datum
704 1851 762 1912 est,
780 1852 881 1900 nostra
902 1836 1066 1919 provehan-

123 1939 182 1987 tur.
229 1923 330 1986 Etiam
346 1923 394 1986 illa
407 1922 524 1986 fortuita
539 1923 661 1986 aderant
675 1922 787 2000 omnia,
798 1921 884 1985 vocis
894 1921 1067 2007 jucunditas

17 2035 28 2056 ν
87 2008 314 2093 acclaritasque,
332 2008 390 2072 oris
414 2009 553 2086 suavitas,
571 2024 601 2072 et
623 2009 652 2071 in
672 2023 856 2093 utracunque
877 2008 1066 2107 linguntur·

123 2118 211 2181 quam
230 2097 269 2159 ad
290 2116 357 2159 eam
377 2095 496 2159 demum
518 2110 602 2159 natus
626 2109 719 2172 esset,
733 2117 879 2178 expressa
902 2110 1067 2177 proprietas

17 2218 19 2257 ,
123 2183 257 2245 omnium
272 2182 434 2244 literarum.
474 2180 539 2245 Sed
554 2182 630 2243 haec
646 2202 717 2262 spes
733 2181 851 2242 adbuc:
875 2180 924 2241 illa
939 2178 1065 2261 majora,

123 2268 303 2344 constantia,
321 2267 461 2350 gravitaS,
479 2279 583 2327 contra
599 2265 719 2326 dolores
739 2263 827 2325 etiam
848 2284 885 2323 ac
905 2275 1003 2323 metus
1018 2283 1067 2323 ro·

123 2354 189 2415 bur.
231 2352 381 2435 Namque
396 2352 446 2414 ille
462 2351 573 2425 animo,
588 2370 646 2431 qua
658 2347 846 2409 medicorum
857 2344 1065 2418 admiratione,

86 2438 271 2501 tamensium
285 2453 357 2501 octo
369 2435 569 2501 valetudinem
582 2434 647 2497 tulit
660 2433 672 2494 ἓ
687 2447 720 2496 ut
731 2454 780 2494 me
792 2431 825 2493 iu
834 2430 982 2515 supremis
994 2452 1067 2495 con·
1113 2460 1124 2470 ‘

122 2525 235 2588 solatus
252 2524 326 2587 est?
349 2545 437 2606 quam
453 2522 542 2584 ctiam
558 2520 715 2599 deficiens,
734 2518 858 2604 jamque
875 2539 936 2581 uon
950 2533 1064 2597 noster,

121 2610 220 2693 ipsum
237 2610 318 2673 illum
334 2608 481 2671 alienatae
495 2607 602 2670 mentis
618 2628 751 2669 errorem
765 2606 848 2668 circa
868 2605 948 2668 solas
966 2604 1066 2670 literas

120 2694 252 2758 babuit?

170 2780 297 2844 Tuosne
320 2800 426 2862 ego,c
449 2800 533 2841 meae
560 2800 631 2862 spes
655 2777 768 2855 inanes,
790 2776 925 2839 labentes
948 2776 1065 2853 oculos,

87 2883 206 2931 artuum
222 2864 385 2949 fugientem
408 2864 541 2947 spiritum
557 2863 645 2927 uidi?
685 2863 789 2926 Tuum
803 2884 914 2946 corpus
930 2860 1068 2943 frigidum

122 2974 261 3035 exangue
285 2952 474 3034 complexus,
493 2951 620 3013 animam
642 2950 791 3031 recipere,
809 2967 969 3027 auramque
985 2966 1074 3004 com·

123 3059 246 3101 munem
262 3036 378 3100 haurire
401 3036 525 3118 amplius
548 3033 658 3117 potui?
682 3034 787 3111 dignus
808 3030 853 3089 his
876 3026 1066 3099 cruciatibus,

78 3186 82 3193 Α
122 3144 204 3207 quos
226 3120 303 3197 fem,
326 3122 431 3205 dignus
453 3122 498 3184 his
521 3114 761 3201 cogitationibus.
810 3111 899 3174 Tene
921 3107 1069 3173 consulari

121 3228 223 3293 nuper
246 3207 405 3291 adoptione
428 3207 467 3270 ad
489 3204 621 3268 omnium
642 3221 713 3283 spes
735 3200 880 3262 honorum
903 3193 1003 3279 patris
1016 3196 1068 3261 ad·

89 3309 253 3371 emotum,
279 3307 307 3355 tc
330 3292 477 3357 avunculo
504 3288 634 3373 praetori
659 3307 801 3369 generum
824 3282 1014 3361 destinatum,
1039 3298 1069 3348 te

124 3379 257 3443 omnium
273 3400 328 3463 spe
346 3378 471 3441 Atticae
490 3373 677 3457 eloquentiae
698 3372 900 3449 candidatum,
918 3383 1070 3454 superstes

124 3488 233 3549 parens
261 3479 375 3528 tantum
398 3464 435 3527 ad
459 3481 585 3547 poenas,
602 3458 713 3521 amisi?
758 3456 811 3535 Et,
829 3458 854 3521 si
876 3478 935 3519 nou
958 3454 1069 3533 cupido

124 3551 214 3631 lucis,
239 3565 323 3615 certe
349 3549 491 3636 patientia
513 3545 646 3611 vindicet
674 3558 705 3609 te
730 3544 842 3627 reliqua
865 3562 933 3605 mea
958 3546 1073 3599 aetate..
