2459 4200
340 277 495 325 autnon
512 275 663 332 eunoun
680 277 816 322 enarra.
1023 261 1068 324 ts

122 432 314 520 peroratione
332 431 497 516 contingitt
520 451 647 515 quorum
668 430 819 492 insidiam
840 428 944 512 gratia,
960 428 1068 493 adluat

122 520 286 604 turpitudo,
303 519 384 580 irum
401 517 531 580 offensio
549 516 662 602 judicis
681 514 767 591 lacit,
783 515 808 578 si
828 532 1001 592 contumax,
1017 535 1067 580 ar·

122 627 241 688 rogans,
266 625 393 666 securus
416 602 478 666 sit:
502 602 552 686 qui
575 623 634 664 uon
656 623 696 664 ax
718 599 800 664 lacto
822 600 927 677 modo,
943 600 1067 665 dictove

122 691 233 774 aliquo,
250 691 305 752 sed
322 689 415 764 vultu,
433 688 547 764 habitu,
562 701 689 770 aspectu
703 686 818 748 moveri
832 685 921 748 solet.
967 683 1065 766 Egre-

100 777 231 861 sgieque
247 775 334 837 nobis
356 773 597 837 adolescentibus
618 772 732 834 dixisse
753 785 911 834 accusator
926 767 1065 832 Cossuti-

123 861 170 923 ani
195 859 352 944 Capitonis
376 859 542 934 videbatur,
562 858 685 920 Graece
706 857 841 939 quidem,
858 856 913 920 sed
935 855 965 916 in
986 854 1067 916 hunc

122 967 254 1022 sensum,
273 945 441 1007 Erubescit
459 943 621 1006 Castorem
635 944 751 1004 naun.

167 1031 293 1096 Summa
314 1045 414 1092 tamen
433 1028 602 1092 concitandi
626 1027 754 1091 affectus
773 1025 942 1090 accusatori
960 1024 1066 1088 iubae

121 1132 181 1192 est,
205 1131 237 1178 ut
260 1117 303 1193 id,
327 1115 408 1198 quod
438 1111 561 1198 objecit,
579 1127 629 1176 aut
650 1133 740 1195 quarn
767 1111 998 1186 atrocissimum,
1015 1122 1068 1172 aut

11 1213 13 1286 i
88 1203 227 1278 raetiam,
251 1202 276 1264 si
301 1201 363 1263 fieri
393 1213 505 1284 potest,
522 1219 611 1282 quarn
641 1197 772 1258 maxima
801 1195 970 1258 miserabile
997 1211 1067 1254 essa

11 1301 13 1316 '
122 1288 270 1350 videatur.

166 1371 322 1434 Atrocitas
343 1370 453 1434 crescit
469 1391 508 1432 ex
524 1367 582 1444 his,
607 1365 693 1441 Quid
707 1363 831 1446 sartura
844 1365 895 1440 rit,
913 1383 933 1424 a
948 1383 1017 1446 qao,
1031 1361 1068 1426 itt

120 1478 219 1544 poem,
238 1479 296 1540 qno
323 1457 436 1528 animo,
454 1475 511 1537 quo
534 1464 675 1534 tempore,
694 1471 751 1534 quo
775 1451 853 1526 loro,
870 1470 927 1532 qno
949 1447 1066 1512 model

121 1565 198 1628 quae
213 1543 314 1604 omnia
334 1541 461 1604 infinitos
483 1538 633 1602 anfractus
652 1538 773 1600 habent.
821 1535 978 1598 Pulsaturu
992 1556 1065 1618 que·

11 1627 12 1704 }
90 1629 236 1693 urimur:
261 1629 301 1690 de
316 1649 349 1689 re
367 1627 491 1710 primum
508 1625 571 1708 ipsa
585 1624 747 1686 dicendum
763 1644 771 1683 ε
794 1636 869 1697 tum,
884 1622 912 1682 ai
926 1619 1067 1696 asarmot

11 1793 12 1800 ἶ
118 1715 254 1796 puer-,si
276 1713 485 1794 magistratus,
510 1711 537 1771 ai
556 1709 682 1791 probus,
706 1708 734 1769 ai
756 1708 828 1768 brac
850 1706 886 1765 dc
908 1705 1067 1785 republica

11 1807 13 1834 l
122 1801 270 1876 mertem
294 1799 395 1873 etiarn,
413 1798 437 1859 si
461 1817 621 1879 percussus
644 1794 683 1856 sit
701 1815 722 1853 o
737 1791 796 1852 rili
813 1790 917 1870 aliquo
938 1797 1067 1848 coatern-

123 1895 237 1966 toquc5
260 1885 309 1946 vel
331 1905 370 1945 ex
393 1882 541 1944 contrario
564 1901 587 1940 o
603 1886 721 1960 potente
744 1875 885 1949 nimium,
901 1870 952 1934 vel
966 1871 1004 1933 ab
1018 1891 1065 1949 co,

124 1991 183 2054 quo
199 1967 320 2031 minime
342 1968 496 2050 oportuit3
521 1980 561 2042 et,
579 1964 604 2027 si
627 1963 676 2025 die
691 1960 773 2044 sorte
795 1957 946 2034 sollemni,
963 1971 1013 2020 aut
1026 1957 1067 2020 ite

90 2057 318 2140 autcmport’bua
337 2074 404 2118 cum
421 2052 546 2138 judicia
561 2052 627 2135 ejus
640 2049 687 2111 rei
701 2047 830 2110 marim
845 2053 1065 2121 coercerentur,

125 2158 173 2205 aut
187 2144 223 2204 in
236 2142 356 2204 solicito
373 2138 505 2201 civitatis
524 2146 629 2212 stotu3
652 2136 724 2197 item
743 2134 779 2194 ia
801 2134 928 2206 theatro,
944 2130 981 2191 r'a
995 2139 1067 2191 teat·

124 2230 186 2311 plo,
203 2230 238 2289 itt
254 2228 408 2301 concione,
426 2223 536 2287 crescit
552 2221 661 2283 invidia
677 2242 685 2278 ι
709 2233 751 2291 et,
768 2218 794 2278 si
808 2236 871 2275 nort
885 2233 999 2287 errore,
1012 2231 1067 2273 aaa

125 2314 186 2391 iro,
204 2313 371 2389 ueletiam,
389 2311 414 2373 si
434 2308 511 2371 sorte
531 2307 594 2380 ira,
612 2303 667 2364 sed
685 2303 806 2380 iniquo,
824 2298 903 2379 quod
920 2297 1006 2375 petri
1020 2290 1068 2375 aj-

11 2416 13 2485 ᾗ
126 2399 250 2482 suisset,
275 2397 354 2481 qued
376 2392 587 2477 respondisset,
612 2386 691 2470 quod
713 2386 839 2446 honorae
861 2390 967 2443 contra
988 2389 1069 2461 petr·

11 2486 12 2505 ¹
79 2496 193 2549 ’esrem
216 2498 259 2562 et,
271 2484 296 2547 si
308 2484 381 2565 plus
396 2480 486 2542 etiam
503 2474 594 2539 videri
612 2484 713 2557 potest
726 2469 867 2542 volabro,
879 2486 969 2550 quam
983 2464 1067 2528 lecit.

127 2570 294 2634 Plurimum
309 2583 409 2631 tamen
425 2565 511 2627 affert
526 2559 687 2623 atrocitatis
702 2555 820 2631 arrdua,
837 2552 1026 2636 nigroriter,
1042 2549 1070 2613 εἰ

126 2656 362 2719 contumeliose:
386 2665 418 2714 ut
439 2647 665 2712 Demosthenes
684 2665 720 2705 ea
738 2652 825 2724 parra
846 2639 981 2723 percussi
1002 2657 1070 2701 cor·

121 2741 221 2827 poris,
243 2763 283 2805 ex
307 2740 395 2801 rutro
420 2734 561 2809 ferientis,
585 2753 625 2793 ex
647 2730 754 2793 bobilo
783 2726 925 2789 invidiam
955 2722 1071 2786 Midiae

127 2828 253 2913 qtraerit.
308 2824 435 2886 Occisus
457 2830 522 2883 cst:
545 2828 647 2879 utrum
661 2814 762 2898 ferro,
784 2832 827 2873 aa
851 2812 936 2893 igne,
958 2828 1001 2871 ort
1022 2825 1070 2867 rc·

72 2934 232 2996 ‘aarum
256 2932 316 2973 unu
338 2911 472 2984 uulnere,
491 2926 532 2966 ora
550 2902 718 2986 pluribus3
745 2898 855 2972 subito,
872 2916 914 2957 oa
936 2901 1071 2973 capam

127 2998 209 3061 tione
225 3006 332 3071 tortus,
350 2995 387 3057 ad
402 2994 479 3055 hauc
495 3003 609 3074 partem
624 2988 755 3049 ntaxime
770 2982 908 3063 pertinet.

173 3082 278 3145 Utitur
292 3080 462 3163 frequenter
485 3088 643 3139 accusator
664 3084 696 3131 et
715 3064 917 3132 miseratione,
934 3076 1004 3115 cum
1024 3068 1075 3115 aut

131 3167 198 3253 ejus
214 3188 325 3243 casum,
343 3186 433 3249 quem
448 3159 612 3229 ulciscitur,
626 3166 677 3215 aut
691 3151 851 3243 liberorum
866 3163 904 3204 ac
918 3152 1073 3238 parentum

129 3250 319 3317 solitudinem
350 3247 550 3332 conqueritur.
597 3238 700 3302 Etiam
723 3232 811 3296 futun
833 3245 976 3329 tempores
999 3246 1073 3327 rma·

95 3338 197 3427 aegina
217 3337 336 3423 judices
352 3347 466 3409 movet,
484 3349 560 3413 quoe
581 3330 723 3389 maneant
743 3339 801 3395 eor,
819 3336 872 3400 pur
886 3314 924 3415 de
936 3334 968 3375 or
984 3323 1012 3376 ct
1025 3334 1074 3375 rn-

129 3424 220 3514 jurt'a
251 3424 345 3507 quasti
375 3430 455 3495 tunt,
488 3416 551 3477 nisi
583 3410 797 3505 vindicentrrr:
819 3397 1075 3495 supersedendo

131 3511 262 3587 civitate,
287 3507 452 3571 cadendum
476 3500 572 3573 bonis,
593 3505 647 3557 out
667 3512 781 3570 omaro,
798 3503 991 3575 quoacunque
1012 3498 1074 3541 tm·

132 3595 220 3659 miris
235 3596 358 3659 animas
366 3590 479 3714 saepit,
494 3580 687 3669 perferendo.
