2459 4200
155 252 199 318 ⁹0
441 263 479 308 rr.
499 265 593 310 rann
613 261 849 316 nornrrnraru.

156 433 212 486 est.
259 411 301 479 Et
316 415 456 478 historiae
476 415 570 500 (quae'
588 435 708 477 currere
729 413 821 475 debet
842 433 879 474 ac
900 409 983 493 ferri)
1002 409 1104 474 minua

155 503 366 568 convenissent
389 501 557 564 insistentes
581 497 741 574 clausulae,
759 511 790 559 et
804 497 911 559 ,debita
931 495 1103 564 actionibus

154 585 324 672 respiratio,
349 597 379 648 et
408 585 546 649 cludendi
578 583 799 665 inchoandique
825 580 986 644 sententias
1011 581 1099 644 ratio.

156 673 193 738 In
216 670 411 734 concionibus
435 672 555 754 quidem
582 669 672 732 etiam
695 667 829 730 similiter
851 666 988 728 cadentia
1008 688 1103 749 quae·

156 759 236 834 dam,
254 770 284 819 et
304 757 505 840 contraposita
522 754 740 839 deprehendas.
789 751 825 814 In
849 749 1011 813 Herodoto
1026 773 1103 814 vero
1125 773 1140 812 ⁵

157 865 227 906 cum
250 841 350 903 omnia
371 840 416 924 (ut
440 863 496 924 ego
513 841 635 924 quidem
650 839 760 921 sentio)
780 836 897 913 leniter,
915 836 1019 914 fluunt,
1036 850 1103 899 turn

156 927 222 1010 ipsa
237 933 378 995 διάλεκτος
394 927 484 989 habet
499 948 566 989 eam
577 924 807 1010 jucunditatem,
822 936 853 985 ut
866 922 992 984 latentes
1008 920 1104 984 etiam

155 1033 294 1075 numeros
311 1011 473 1096 complexa
489 1012 632 1074 videatur.
682 1009 748 1073 Sed
764 1009 802 1070 de
818 1006 1038 1091 propositorum
1053 1007 1104 1068 di·

155 1098 296 1160 versitate
313 1112 381 1181 post
397 1097 537 1180 paullum.
583 1095 683 1172 Nunc,
701 1115 779 1178 quae
794 1093 875 1177 prius
890 1091 937 1170 iis,
951 1091 1000 1174 qui
1016 1106 1105 1154 recte

123 1192 127 1198 ’
157 1203 339 1266 componere
356 1182 469 1259 volent,
487 1181 631 1244 discenda
646 1180 714 1243 sint.
1111 1197 1139 1238 ro

200 1265 259 1330 Est
274 1267 359 1350 igitur
374 1281 442 1330 ante
458 1266 668 1330 omnia‘oratio
683 1265 740 1328 alia
754 1263 855 1326 vincta
870 1276 958 1345 atque
973 1275 1101 1324 contex-

157 1365 199 1414 ta:
213 1353 308 1416 soluta
324 1353 391 1429 alia,
406 1353 498 1436 qualis
514 1353 542 1414 in
566 1373 704 1414 sermone
727 1365 758 1412 et
775 1348 909 1433 epistolis
925 1369 933 1408 ε
956 1347 1011 1409 nisi
1026 1369 1100 1410 cum

157 1436 267 1518 aliquid
283 1457 371 1517 supra
385 1451 517 1498 naturam
538 1458 622 1498 suam
642 1449 779 1511 nectant,
798 1449 828 1496 ut
844 1435 882 1495 de
897 1433 1100 1517 philosophia,

150 1519 195 1582 de
212 1519 375 1600 republica,
393 1519 546 1580 similibus.
595 1521 690 1591 Quod
712 1543 771 1582 non
794 1540 832 1581 eo
855 1519 936 1596 dico,
954 1518 1021 1601 quia
1039 1540 1103 1581 non

151 1602 227 1663 :illud
243 1623 361 1685 quoque
385 1602 512 1664 solutum
536 1603 644 1666 habeat
665 1627 735 1667 suos
751 1605 908 1689 quosdam,
926 1617 967 1666 et
978 1601 1102 1667 forsitan
1110 1600 1150 1663 rs'

158 1686 339 1751 difficiliores
355 1687 446 1749 etiam
470 1688 587 1770 pedes:
611 1711 708 1771 neque
724 1691 803 1752 enim
819 1703 869 1752 aut
882 1689 964 1751 hiare
980 1710 1102 1772 semper

157 1772 323 1850 vocalibus,
341 1787 390 1836 aut
413 1772 531 1836 destitui
555 1776 736 1855 temporibus
759 1776 863 1838 volunt
885 1794 984 1836 sermo
1011 1773 1101 1856 atque
1194 1790 1198 1795 ’

158 1857 284 1940 epistola
300 1879 307 1918 :
332 1859 386 1921 sed
402 1880 460 1921 non
477 1858 580 1934 fluunt,
595 1879 651 1918 nec
668 1859 839 1937 cohaerent,
852 1881 908 1922 nec
925 1859 1017 1921 verba
1032 1880 1101 1922 ver·

153 1941 202 2003 bis
220 1943 354 2016 trahunt;
378 1957 410 2005 ut
424 1944 522 2025 potius
538 1942 651 2004 laxiora
667 1943 696 2004 in
710 1943 756 2005 his
773 1945 901 2022 vincula,
917 1965 1007 2028 quam
1021 1945 1101 2008 nulla

151 2025 225 2087 sint.
273 2024 492 2110 Nonnunquam
516 2027 545 2088 in
568 2027 666 2088 causis
685 2048 803 2111 quoque
826 2030 986 2091 minoribus
1010 2028 1135 2094 decetm

158 2112 264 2173 eadem
280 2111 466 2196 simplicitaS,
483 2134 559 2196 quae
588 2113 749 2191 nonnullis,
779 2115 832 2176 sed
855 2116 918 2177 aliis
940 2116 1026 2177 utitur
1046 2139 1100 2179 nu·

152 2196 259 2275 meris,
273 2196 495 2283 dissimulatque
511 2220 576 2276 eos,
589 2212 619 2260 et
634 2212 745 2261 tantum
762 2200 926 2262 communit
940 2200 1098 2264 occultius.

201 2282 318 2347 Atina
348 2306 484 2348 connexa
514 2285 606 2348 series
633 2298 693 2347 tres
717 2284 806 2347 hahet
828 2283 959 2346 formas:
984 2286 1099 2364 Incisa,

157 2392 234 2455 quae
262 2378 386 2448 κόμματα
415 2371 562 2447 dicuntur,
584 2369 741 2444 Membra,
760 2392 835 2453 quae
863 2376 945 2441 nola,
960 2377 1100 2449 περίοδον,

151 2477 234 2539 ,qnae
255 2472 301 2519 est
316 2458 364 2519 vel
380 2455 519 2529 ambitur,
537 2453 585 2515 vel
607 2454 857 2531 circumductum,
874 2457 922 2518 vel
941 2457 1136 2519 continua-as

150 2540 211 2616 tio,
229 2540 277 2601 vel
305 2538 468 2600 conclusio.
517 2537 553 2597 In
578 2536 658 2595 omni
686 2559 774 2618 porro
799 2540 1018 2621 compositione
1045 2542 1102 2605 tria

152 2636 225 2685 sunt
240 2644 349 2704 genera
364 2620 544 2695 necessaria,
563 2620 649 2696 ordo,
661 2621 823 2704 junctura,
837 2645 989 2687 numerus.

201 2705 336 2768 Primum
353 2706 438 2789 igitur
454 2706 489 2765 de
506 2704 623 2766 ordios.
672 2705 748 2791 Ejus
769 2708 939 2772 observatio
955 2710 984 2771 in
999 2712 1101 2775 verbis

156 2805 204 2855 est
225 2791 345 2874 singulis
369 2805 399 2854 et
422 2790 580 2854 contextis.
630 2791 752 2875 Singula
776 2809 853 2871 sunt,
871 2803 1102 2876 quaestuariam

156 2877 297 2939 diximus.
345 2876 381 2939 In
397 2877 441 2939 his
458 2877 636 2953 cavendum,
649 2900 687 2939 ue
703 2879 860 2940 decrescat
874 2880 980 2955 oratio,
993 2894 1024 2942 et
1038 2881 1135 2944 sor-ar

153 2962 223 3026 tiori
240 2962 430 3049 subjungatur
446 2963 555 3046 aliquid
573 2962 725 3040 infirmiuS,
743 2977 774 3025 ut
794 2964 943 3045 sacrilego
958 2962 1030 3044 sur,
1049 2984 1104 3032 aut

150 3050 270 3113 ,latroni
289 3053 441 3133 petulcus.
491 3049 605 3132 Augeri
636 3047 714 3111 euim
736 3049 847 3111 debent
877 3050 1051 3129 sententiae,
1069 3068 1101 3115 et

117 3212 119 3215 Ι
151 3135 326 3218 insurgere:
358 3151 388 3199 ut
418 3136 530 3219 optime
553 3133 680 3212 Cicero,
704 3134 764 3212 Tu,
791 3134 893 3218 inquit,
910 3135 977 3197 istis
990 3134 1098 3218 sauci-

155 3218 222 3293 bus,
240 3222 305 3280 istis
322 3220 476 3297 luter-ihus,
493 3221 552 3281 isto
571 3221 764 3302 gladiatorio
786 3222 874 3283 totius
897 3224 1032 3305 corporis
1039 3221 1099 3307 fir-

151 3302 268 3362 imitate.
317 3302 410 3365 Aliud
426 3305 505 3365 enim
520 3303 615 3387 majus
632 3306 690 3368 alio
705 3308 885 3391 supervenit.
926 3307 971 3371 At
986 3308 1011 3371 si
1026 3329 1135 3372 coe-as

152 3384 251 3470 pisset
273 3407 290 3449 a
312 3400 377 3449 toto
400 3408 539 3471 corpore,
563 3410 622 3451 non
652 3392 730 3454 bene
760 3393 797 3454 ad
822 3393 914 3454 latera
935 3391 1097 3477 faucesque

151 3470 366 3535 descenderet.
413 3470 471 3535 Est
492 3486 521 3535 et
543 3473 614 3537 alius
638 3477 776 3539 naturalis
798 3477 885 3554 ordo,
902 3493 934 3540 ut
955 3480 1035 3541 viror
1059 3500 1097 3541 oc

150 3554 304 3637 ,semiana
322 3556 401 3618 diem
421 3578 456 3621 oc
479 3569 604 3639 noctem,
623 3572 720 3625 ortum
738 3571 766 3623 et
786 3568 922 3624 occasum
938 3564 1021 3627 dicas
1041 3586 1097 3649 po·
