2459 4200
291 335 297 346 r
367 302 519 350 succus
537 304 688 358 coenses
703 307 841 354 castra.
1027 300 1088 364 146

483 687 624 750 CAPUT
644 689 748 752 xxn.

352 901 421 950 ΕΜ
435 901 597 946 ΡΒΙΟΙΡΠΕ
613 905 785 948 scateam
799 909 878 950 HM·-

185 1037 382 1104 Pnoxrrruu
400 1055 457 1118 est,
475 1055 507 1106 ut
521 1043 668 1122 dicamus,
685 1067 761 1130 quoe
773 1049 939 1132 praecipue
952 1050 1085 1114 scribes·

142 1125 183 1190 ds
198 1125 265 1189 siut.
314 1123 389 1192 Hoc
408 1127 597 1192 exuberantis
612 1131 734 1214 quidem
752 1147 799 1196 est
811 1134 927 1217 operis,
942 1150 975 1200 ut
988 1137 1089 1220 expli·

141 1232 259 1288 cemus,
276 1232 353 1295 quae
376 1211 434 1276 sint
460 1213 626 1276 materiaer
648 1237 726 1299 quae
749 1217 843 1298 prima
865 1235 916 1284 aut
936 1222 1085 1300 secunde,

141 1310 194 1360 aut
208 1296 350 1381 deinceps
373 1298 527 1362 tractanda
550 1298 632 1362 sint:
654 1321 722 1363 nam
745 1301 774 1362 id
793 1299 905 1366 factum
926 1318 974 1367 est
995 1305 1089 1370 etiam

121 1380 239 1466 sprimo
261 1382 348 1458 libro,
366 1405 427 1466 quo
450 1405 622 1467 puerorum,
639 1399 670 1448 et
691 1385 837 1464 secundo,
854 1409 915 1470 quo
936 1389 1089 1454 robustio-

141 1487 206 1530 rum
222 1467 326 1530 studiis
342 1468 478 1532 ordinem
491 1469 629 1533 dedimus
646 1491 653 1530 :
676 1471 793 1548 sed,de
806 1493 868 1556 quo
883 1495 961 1538 nuuc
976 1475 1082 1559 agitur,

140 1553 220 1618 uude
235 1552 325 1636 copia
340 1574 375 1616 ac
391 1551 518 1618 facilitas
534 1553 665 1618 maxime
681 1557 791 1620 veniat.

185 1637 315 1700 Vertere
332 1637 454 1702 Graeca
477 1639 505 1702 in
529 1638 671 1704 Latinum
693 1657 813 1708 veteres
834 1645 928 1708 nostri
949 1661 1090 1712 oratores

141 1722 287 1807 optimum
296 1722 509 1872 gudicabantu
538 1725 574 1788 Id
598 1749 632 1788 se
655 1726 695 1794 L.
714 1727 975 1792 Cossuran-iltis
989 1730 1084 1796 cice-

108 1808 221 1872 roronls
238 1809 276 1870 de
327 1823 424 1872 ratore
447 1809 528 1873 libris
543 1810 618 1873 dicit
631 1809 794 1876 factitasse.
841 1812 879 1874 Id
893 1811 1008 1876 Cicero
1029 1835 1085 1878 sua

141 1893 209 2041 ipse
224 1913 351 1976 persona
362 1892 406 1958 fre
426 1895 600 1958 nantissime
616 1896 785 1979 praecipit:
804 1896 978 1979 quinetiam
991 1895 1087 1966 libros

174 1978 281 2042 latonia
292 1993 377 2064 atque
425 1980 602 2063 enopbontis
616 1981 779 2046 edidithoc
790 2001 900 2066 genere
912 1983 1086 2050 tratrslatos..

141 2061 181 2127 Id
204 2061 365 2131 Messallae
388 2065 523 2150 placuit:
548 2067 718 2153 multaeque
742 2083 809 2133 sunt
829 2069 870 2135 ab
892 2091 930 2135 eo
951 2069 1013 2135 scri
1035 2085 1089 2136 tae

141 2150 179 2213 ad
193 2150 273 2214 huuc
290 2153 411 2215 modurn
427 2152 574 2217 orationes
589 2175 596 2215 ε
620 2156 698 2217 adeo
711 2169 745 2217 ut
759 2156 849 2219 etiam
864 2177 934 2219 cunr
949 2156 999 2219 illa
1048 2180 1086 2238 y·

110 2258 136 2299 rs
142 2236 252 2321 peridis
268 2258 325 2320 pro
341 2236 463 2321 Phryne
479 2238 653 2301 difficillima
668 2238 817 2302 Romanis
834 2240 995 2301 subtilitate
1010 2260 1088 2301 mn·

142 2322 288 2386 tenderet.

185 2406 228 2471 Et
246 2406 402 2473 manifesta
423 2422 469 2471 est
487 2405 710 2471 exercitationis
727 2405 854 2491 hujusce
872 2406 958 2471 ratio.
1004 2404 1089 2471 Nam

143 2507 174 2557 et
187 2514 286 2557 rerum
301 2494 391 2577 copia
407 2492 522 2556 Graeci
537 2506 679 2557 auctores
700 2491 862 2569 abundant,
877 2504 911 2555 et
925 2490 1085 2574 plurimum

143 2578 213 2643 artis
229 2578 258 2641 in
274 2579 475 2663 eloquentiam
491 2579 649 2642 intulerunt
665 2600 673 2639 r
695 2592 727 2641 et
749 2578 804 2641 hos
826 2575 1086 2657 transferentibus,

109 2664 242 2727 surerbis
266 2666 307 2728 uti
330 2665 451 2749 optimis
475 2664 569 2728 licet:
593 2664 730 2727 omnibus
745 2664 825 2729 eninr
840 2664 948 2729 utimur
961 2664 1086 2729 nostem

145 2748 269 2832 Figuras
284 2772 369 2829 vero,
388 2750 494 2834 quibus
513 2750 645 2815 maxime
663 2764 783 2815 ematur
799 2751 907 2829 oratio,
923 2751 1032 2815 multas
1046 2772 1086 2815 ac

143 2834 240 2901 varias
259 2837 451 2919 excogitandi
468 2836 557 2913 etiam
574 2836 740 2901 necessitas
754 2838 902 2921 quaedam
923 2851 995 2901 est:
1016 2837 1089 2920 quia

143 2920 319 3005 plerumque
334 2941 351 2988 a
368 2921 499 2987 Graecis
515 2922 656 2991 Romana
671 2923 856 2987 dissentiunt.

149 3056 152 3063 .
188 3006 256 3071 Sed
271 3022 303 3069 et
316 3007 365 3069 illa
380 3020 419 3069 ex
435 3006 552 3069 Latinis
568 3006 728 3068 conversio
747 3006 874 3065 multum
888 3017 919 3064 et
933 3003 997 3083 ipsa
1013 3026 1090 3065 con·
1137 3064 1141 3069 ,

109 3092 252 3155 stulerit.
301 3089 353 3151 Ac
369 3090 407 3151 de
423 3088 603 3154 carminibus
618 3088 742 3168 quidem
759 3085 909 3146 nemiuem
923 3086 1017 3145 eredo
1031 3086 1091 3149 du-

143 3177 251 3248 bitare,
269 3193 329 3253 quo
350 3173 416 3234 solo
436 3192 547 3254 genere
568 3168 791 3235 exercitationis
807 3166 914 3229 dicitur
932 3189 1003 3231 usus
1017 3189 1091 3234 esse

146 3255 311 3342 Sulpicius.
346 3254 427 3319 Nam
441 3250 472 3320 el
487 3256 622 3319 sublimis
634 3253 756 3338 spiritus
771 3251 906 3317 sttollere
921 3253 1089 3321 orationem

145 3357 244 3431 potest
260 3364 267 3404 :
291 3356 321 3407 et
335 3342 439 3419 verbs,
457 3341 577 3426 poetica
593 3342 729 3405 libertate
743 3338 916 3419 audaciora,
926 3362 986 3405 nou
1000 3364 1092 3427 prae·

146 3444 263 3495 sumunt
280 3428 387 3504 eadem
402 3427 521 3513 proprie
535 3427 654 3491 dicendi
665 3425 846 3491 facultatem.
887 3426 954 3493 Sed
969 3443 1000 3493 et
1013 3429 1091 3512 ipsis

112 3516 298 3581 mssnteutiis
314 3514 444 3601 adjicere
464 3515 535 3579 lieet
550 3514 712 3578 oratorium
727 3514 829 3592 robur,
845 3529 876 3578 et
890 3515 1002 3578 emesa
1012 3533 1090 3594 sup·

148 3600 348 3686 plere,effusa
362 3600 571 3750 substringpqe.
612 3599 720 3687 Neque
729 3621 790 3687 ego
800 3598 1092 3686 pasepluasimesse
