2459 4200
326 316 480 363 sensura
498 311 649 370 ananau
666 320 802 366 carran.
987 314 1051 375 219

107 469 216 546 mnus,
233 483 265 531 et
279 468 343 531 sine
355 490 418 552 quo
439 470 559 533 vincere
582 470 699 534 bostem
722 472 828 539 civitas
849 497 909 538 non
932 479 1052 561 possit:

107 571 206 617 norme
221 555 251 616 ei
265 556 435 617 cummunis
450 556 557 618 utilitas
573 572 723 620 oratorem
739 561 898 625 advocabit
915 562 926 622 ἓ
958 563 1053 627 Certe

109 638 268 703 Fabricius
284 638 460 703 Cornelium
477 641 631 719 Rufinum,
646 657 676 704 et
690 644 799 728 alioqui
815 647 924 710 malum
940 649 1051 728 civem,

107 725 210 788 etsibi
226 725 390 802 inimicum,
408 740 518 801 tamen,
531 727 597 809 quia
613 728 715 791 utilem
732 731 847 793 sciebat
862 733 984 811 ducem,
999 736 1053 797 im·

87 810 239 874 eminente
262 811 342 873 bello
362 812 460 893 palam
481 812 637 875 consulem
657 815 799 898 suffragio
818 838 874 879 suo
888 815 984 881 lecit:
1008 820 1054 882 id·

108 916 168 978 que
184 896 393 958 admirantibus
403 897 581 979 quibusdam
598 901 763 982 respondit,
776 900 808 963 Α
822 904 882 963 siae
897 924 927 965 se
941 905 1054 985 spelio-

107 980 257 1058 rt'molle,
275 1001 365 1063 quem
379 982 419 1043 ob
435 982 512 1045 burte
533 986 653 1046 venire:
696 984 753 1062 lta,
771 988 795 1049 si
816 986 922 1051 suisset
941 1005 1052 1069 orator,

108 1086 168 1129 non
184 1065 368 1129 defendisset
388 1068 517 1130 eundem
537 1068 680 1133 Rufinum
696 1073 744 1134 vel
765 1072 911 1136 manifesti
932 1076 1054 1159 pecula-

108 1164 156 1215 tus
178 1152 293 1215 reum?
338 1150 435 1215 Multa
451 1152 511 1215 dici
534 1171 659 1237 possunt
681 1157 798 1235 similia,
816 1160 869 1221 sed
893 1161 942 1222 vel
965 1182 1055 1223 unum

77 1252 149 1300 rtex
164 1238 201 1301 iis
210 1238 365 1321 quodlibet
379 1238 499 1300 sufficit.
536 1238 606 1302 Non
623 1240 701 1302 euim
716 1242 775 1303 boc
791 1243 917 1325 agimus,
928 1259 961 1306 ut
977 1246 1056 1307 istud

109 1322 165 1400 illi,
182 1344 270 1406 quem
287 1321 458 1398 formamus,
477 1324 541 1385 viro
557 1346 649 1408 saepe
670 1325 708 1389 sit
722 1324 891 1388 laciendum
908 1349 915 1388 :
939 1330 994 1391 sed
1010 1344 1053 1405 ut,

110 1408 135 1471 sl
156 1408 223 1471 talis
245 1409 381 1491 coegerit
394 1409 487 1485 ratio,
506 1409 544 1471 sit
569 1424 669 1472 tamen
690 1432 761 1474 vera
784 1412 889 1491 linitio,
907 1423 1055 1476 oratorem

109 1510 171 1556 esee
192 1494 292 1555 airum
313 1494 433 1569 maana,
449 1494 574 1557 dicendi
592 1497 736 1577 peritum.
784 1496 967 1582 Praecipere
982 1520 1056 1563 vero

110 1600 150 1641 ac
167 1579 284 1641 discere
300 1580 452 1663 quomodo
473 1581 561 1643 etiam
583 1583 758 1665 probatione
774 1584 905 1647 difficilia
925 1598 1055 1649 tracten-

79 1676 171 1741 utur,
189 1665 390 1727 necessarium
413 1680 469 1729 est.
517 1666 595 1729 Nam
619 1667 789 1752 frequenter
811 1671 900 1733 etiam
924 1672 1055 1753 optimae

111 1750 222 1813 caus'ae
238 1748 349 1812 similes
365 1765 432 1813 sunt
447 1752 542 1829 malis,
554 1766 584 1814 et
599 1753 743 1815 innocens
758 1774 826 1815 reus
843 1754 940 1815 multis
951 1754 1055 1815 verisi-

110 1834 231 1899 milibus
247 1835 390 1919 premltur
405 1856 413 1896 ι
437 1856 496 1918 quo
511 1838 555 1912 lit,
567 1850 599 1897 ut
612 1836 720 1897 eadem
735 1836 861 1899 actionis
877 1836 990 1899 ratione
1003 1838 1056 1899 de·

110 1918 279 1983 lendendua
296 1921 345 1996 sit,
360 1941 429 2003 qua,
446 1920 470 1983 si
487 1942 600 1983 nocens
615 1934 705 1983 esset.
746 1920 818 1983 Jam
834 1920 1056 1985 innumerabilia

112 2018 181 2068 mant
207 2005 293 2067 bonis
321 2006 418 2069 causis
445 2006 589 2089 malisque
614 2007 795 2085 communia,
812 2020 917 2085 testes,
938 2006 1053 2085 literae,

79 2091 312 2175 mauspiciones,
330 2091 496 2176 opiniones.
545 2090 615 2154 Non
641 2092 726 2156 aliter
751 2109 850 2156 autem
871 2093 1054 2172 verisimilia,

111 2197 203 2260 quam
225 2197 308 2254 vera,
326 2191 357 2238 et
379 2179 597 2240 confirmantur·
612 2191 643 2239 et
664 2177 845 2240 refelluntur.
890 2177 1056 2258 Quaprop-

111 2275 172 2337 ter,
190 2275 222 2324 ut
243 2281 291 2324 res
311 2259 397 2339 leret,
416 2262 552 2324 flectetur
574 2261 681 2338 oratio,
699 2276 837 2324 manante
858 2261 982 2322 honesta
1003 2280 1055 2320 vo·

111 2346 236 2410 lamtate.
288 2344 384 2428 [XII.
406 2347 452 2423 1.]

489 2569 676 2578 ---.--

441 2698 584 2759 CAPUT
603 2699 722 2760 XXIX.

296 2881 377 2930 QUAE
392 2881 627 2923 elaboraturus
643 2881 875 2924 maranorum.

159 3013 261 3080 Hane
279 3034 358 3096 sunt,
376 3041 453 3101 quae
469 3041 517 3080 me
534 3019 715 3079 redditurum
731 3017 938 3098 promiseram,
951 3018 1056 3081 insuu-

78 3116 225 3178 armenta,
242 3123 301 3164 non
317 3103 399 3180 artis,
416 3117 448 3164 ut
464 3102 583 3184 quidam
603 3115 790 3183 putaverunt,
808 3101 862 3163 sed
883 3101 975 3185 ipsius
990 3123 1057 3166 ora·

112 3186 197 3251 toris.
246 3183 337 3250 Haec
360 3207 441 3250 arma
463 3187 572 3250 habere
594 3186 634 3248 ad
657 3207 786 3262 manum,
803 3186 909 3249 borum
933 3187 1058 3252 scientia

114 3272 206 3336 debet
229 3293 297 3335 esse
318 3273 502 3348 succinctus,
519 3272 685 3334 accedente
707 3271 864 3335 verborum
887 3273 1057 3358 figurarum·

112 3379 173 3442 que
200 3355 278 3421 sacili
305 3358 405 3442 copia,
423 3372 453 3420 et
479 3358 657 3420 inventionis
682 3357 808 3435 ratione,
825 3373 855 3421 et
878 3359 1057 3445 disponendi

115 3463 180 3520 rau,
199 3457 230 3506 et
246 3444 408 3507 memoriae
423 3444 572 3520 firmitate,
591 3457 620 3505 et
639 3443 764 3506 actionis
780 3445 882 3527 gratia.

83 3559 108 3598 ao
158 3528 225 3593 Sed
248 3529 406 3614 plurimum
427 3551 466 3592 ex
489 3529 534 3592 his
550 3529 629 3590 valet
649 3528 739 3590 animi
762 3531 951 3613 praestantia,
968 3545 1056 3608 quam

113 3629 283 3678 neomutus
303 3614 429 3700 frangat,
446 3637 503 3678 nec
526 3613 703 3678 acclamatio
725 3629 845 3692 terreat,
862 3633 918 3675 nec
933 3609 1056 3673 audian·
