2459 4200
355 281 510 326 annacrs
527 281 677 336 eunoun
694 283 830 329 carras.
1017 273 1078 334 lor

474 631 615 694 CAPUT
632 631 734 696 m.

456 809 499 854 DE
513 813 590 855 ΔΗΕ
605 813 751 858 mulino.

174 951 330 1027 Pressa,
351 951 429 1014 siout
443 953 607 1035 superiore
634 953 710 1016 libro
735 953 915 1034 continetur,
932 953 1073 1022 laculata

131 1037 294 1112 scribendi,
312 1036 533 1119 cogitandique,
551 1053 640 1101 etex
658 1052 795 1122 ternpore
816 1040 920 1118 etiam,
936 1063 1006 1106 curn
1022 1064 1072 1107 ree

130 1122 242 1206 poscit,
265 1122 395 1196 orandi3
425 1123 561 1205 proxima
590 1138 638 1186 est
660 1145 744 1200 cura,
768 1139 800 1187 ut
821 1126 958 1188 dicemur
979 1137 1071 1208 apte:

128 1225 219 1289 quarn
235 1207 373 1270 virtutem
393 1221 527 1290 quartam
545 1207 722 1270 elocutionis
743 1207 857 1271 Cicero
872 1211 1069 1286 demonstrat,

108 1305 266 1374 aquaeque
291 1305 337 1354 eat
363 1312 431 1354 meo
454 1293 575 1374 quidem
593 1291 711 1377 judicio
734 1293 863 1354 maxime
886 1293 1068 1356 necessaria.

128 1375 208 1438 Natu
221 1397 291 1438 etun
307 1377 344 1439 sit
358 1391 478 1440 ornatus
494 1376 634 1439 metionis
649 1376 747 1440 rarius
764 1391 794 1438 et
812 1377 980 1460 multiplex,
995 1399 1069 1440 eon·

126 1461 285 1544 veniatque
303 1461 375 1524 elius
390 1461 459 1524 ulii:
484 1462 539 1525 nisi
556 1461 642 1524 luerit
662 1462 906 1526 accommodatus
919 1461 1010 1526 rebus
1023 1476 1069 1526 at·

60 1589 63 1597 .
126 1565 186 1630 que
201 1547 348 1630 personis,
366 1567 425 1608 oon
445 1548 537 1610 modo
559 1569 621 1610 non
642 1547 796 1610 illustrabit
812 1539 892 1635 pain,
908 1548 1067 1612 sedetiam

127 1633 272 1708 destruet,
290 1643 320 1694 et
343 1631 404 1694 vim
434 1653 532 1695 return
561 1632 591 1696 in
620 1634 802 1696 contrarium
824 1648 932 1696 vertet.
979 1633 1067 1706 Quid

93 1717 206 1780 roenim
230 1711 362 1800 prodest,
381 1737 449 1780 esse
471 1719 562 1780 verba
585 1733 616 1780 ct
643 1718 743 1792 latina,
760 1733 792 1780 et
812 1718 1019 1800 significantia,
1036 1731 1068 1780 et

123 1802 232 1878 nitida,
249 1803 346 1884 figuris
367 1802 457 1864 etiam
479 1802 667 1884 numerisque
682 1804 845 1876 eleborata,
860 1802 917 1862 nisi
931 1823 1002 1862 oum
1016 1800 1065 1876 iis,

123 1887 157 1948 in
172 1907 250 1968 quae
261 1886 393 1970 judicem
409 1887 478 1948 duci
493 1885 672 1968 formarique
687 1886 835 1961 volumus,
853 1882 1066 1946 consentiant?

124 1971 152 2034 si
167 1991 261 2054 genus
282 1972 404 2034 sublime
420 1971 539 2034 dicendi
555 1970 655 2054 parvis
670 1971 699 2032 in
715 1969 826 2047 causis,
843 1991 966 2054 mnino
977 1968 1065 2032 lima·

120 2069 247 2140 tumque
262 2058 432 2142 grandibus,
449 2057 558 2121 laetum
579 2057 720 2135 tristibus,
736 2057 804 2119 lene
818 2055 944 2140 asperis,
960 2054 1063 2119 mionz

91 2162 118 2203 1⁵
125 2143 320 2226 supplicibus,
333 2144 520 2207 summissum
535 2143 705 2218 concitatis,
718 2158 785 2205 trux
798 2158 887 2223 atque
901 2140 1064 2203 violentiae

122 2228 263 2313 jucundis
290 2228 509 2291 adhibeamus?
530 2243 564 2289 ut
590 2228 762 2299 monilibus,
779 2240 810 2286 et
831 2223 1008 2302 purgantis,
1025 2243 1063 2283 nc

126 2328 212 2376 reste
227 2314 326 2395 longa,
340 2328 416 2397 quae
432 2327 498 2375 sunt
513 2326 686 2373 ornamenta
699 2309 885 2379 seminarum,
894 2302 1062 2365 deformen-

126 2412 172 2461 tur
194 2399 272 2473 riri;
295 2418 352 2461 nec
375 2398 489 2461 habitus
512 2394 708 2477 triumphalis,
724 2412 785 2475 quo
806 2388 877 2449 nihil
897 2386 1066 2469 excogitari

122 2496 225 2566 'potest
241 2484 403 2566 augustius,
418 2482 543 2545 seminas
559 2481 677 2542 deceat.

88 2587 115 2628 so
170 2568 261 2631 Hunc
278 2570 378 2631 locum
393 2568 507 2632 Cicero
528 2565 658 2628 breviter
677 2563 707 2624 in
725 2556 812 2621 tertio
827 2556 867 2619 de
882 2554 1012 2619 Oratore
1026 2555 1062 2618 li·

123 2654 180 2715 bro
202 2654 393 2737 perstringit:
423 2672 520 2735 neque
545 2666 643 2713 tumen
665 2644 757 2709 videri
781 2656 880 2727 potest
903 2641 1062 2743 quicquan?
1152 2644 1162 2655 ‘
1220 2689 1221 2700 ,

124 2738 272 2817 omisisse,
293 2740 433 2815 dicendo,
456 2758 518 2800 uon
547 2735 630 2799 omni
654 2750 774 2807 murce,
793 2748 887 2813 utque
911 2728 1059 2828 WQ

120 2841 217 2907 neque
249 2844 406 2906 pauoncc,
438 2843 532 2905 raeque
562 2817 690 2900 tempori
717 2834 885 2897 congruere
913 2825 1062 2877 uranum

118 2928 218 2970 unum
239 2930 347 2991 geere.
394 2909 462 2971 Nec
486 2907 555 2985 sere
570 2903 702 2986 pluribus
728 2900 758 2965 in
783 2899 913 2963 Oratore
939 2900 1056 2961 eadem.

86 3014 113 3055 ae
125 2993 191 3058 Sed
207 2994 266 3055 illio
288 2985 329 3055 L.
344 2993 484 3064 Crassus,
502 3005 570 3050 cum
589 2988 669 3067 apud
689 3006 821 3046 summos
842 2997 988 3055 oratores,
1004 2982 1059 3042 ho·

120 3079 277 3158 minusque
298 3074 511 3139 eruditissimos
528 3070 621 3143 dicat,
636 3067 709 3131 satis
731 3066 832 3139 habet,
849 3077 963 3145 partem
981 3064 1060 3125 benc

118 3163 205 3226 velut
218 3173 320 3221 notam
332 3160 406 3220 inter
420 3166 626 3237 agnoscentes.
666 3150 709 3211 Et
719 3148 768 3211 hic
778 3147 894 3209 Cicero
904 3144 1060 3243 alloquens

121 3248 251 3311 Brutum
271 3256 393 3307 testatur
410 3261 478 3303 esse
498 3238 574 3299 haec
589 3236 618 3299 ei
635 3249 728 3310 uota3
751 3231 879 3316 ideoque
901 3230 1019 3295 brevius
1039 3252 1061 3297 n

117 3352 156 3397 se
172 3330 244 3408 diei,
261 3346 428 3414 quanquam
445 3325 483 3388 sit
502 3321 584 3385 fusus
604 3318 702 3398 locus,
719 3333 918 3402 tracteturque
931 3339 949 3381 a
963 3318 1058 3403 pbilo-

87 3417 225 3501 aosophis
248 3416 343 3481 latius.
389 3411 456 3475 Nos
486 3408 696 3472 iustitutionem
725 3404 864 3491 professi,
878 3427 941 3467 uon
962 3407 1069 3469 solum,

122 3502 283 3566 scientibus
308 3502 375 3576 ista,
393 3498 447 3561 sed
470 3495 559 3559 etiem
582 3492 762 3557 discentibus
784 3492 951 3556 tradimus:
973 3491 1058 3551 ideo·

122 3607 180 3670 que
195 3588 294 3672 paullo
308 3585 439 3670 pluribus
455 3580 554 3647 verbis
570 3580 660 3644 debet
674 3578 776 3643 baberi
790 3578 909 3643 venia.—
