2459 4200
169 327 175 336 ,
194 253 255 314 lte
484 267 522 310 u.
542 260 635 310 enarr
654 266 876 318 ournrrotnnr

195 416 397 480 Ciceronem:
419 425 482 478 tom
503 415 559 494 ito,
576 427 609 478 nt
634 417 759 500 quisque
788 426 860 480 essct
883 415 1077 481 Demostlm
1100 426 1125 478 et

195 501 337 582 Ciceroni
352 500 535 563 simillimos.
910 513 917 522 ¹

232 583 304 648 Non
334 599 379 650 est
408 599 505 648 tamen
531 585 740 650 dissimulanda
764 586 856 649 nostri
882 606 1001 671 quoque
1023 584 1126 671 judicii

191 691 316 734 summa.
365 669 486 734 Paucos
510 685 539 734 et
557 671 609 733 vix
632 671 721 734 ullum
745 693 786 734 ex
807 672 865 750 his,
881 671 932 755 qui
951 684 1126 735 vetustatem

213 755 385 834 ertulerunt,
403 755 542 818 existimo
564 777 653 840 posse
672 756 807 838 reperiri,
824 757 895 838 quin
910 755 1058 841 judicium
1077 755 1145 818 acl-r

191 777 359 904 libentibus
375 841 511 904 allaturus
534 841 571 903 sit
589 841 719 905 utilitatis
739 840 860 924 aliquid,
878 863 947 904 cum
966 863 1000 904 se
1015 841 1126 904 Cicero

191 925 301 988 abillis
319 948 438 1010 qnoque
459 925 666 989 vetustissimis
689 925 872 1003 auctoribus,
890 925 1051 1007 ingeniosis
1067 924 1127 1008 qui·
1215 990 1216 999 χ

192 1009 273 1088 dem,
290 1012 344 1074 sed
370 1025 432 1074 arte
455 1011 634 1088 carentibus
651 1011 809 1094 plurimum
831 1009 956 1074 fateatur
981 1009 1125 1094 adjutum.
1215 1002 1216 1057 l

191 1093 259 1158 Nec
275 1095 367 1158 multo
383 1095 461 1158 aliud
477 1096 515 1159 de
530 1096 614 1158 novis
630 1095 736 1158 sentio.
773 1093 894 1164 Quotus
909 1095 988 1158 enirn
1004 1095 1128 1178 quisque

192 1179 315 1243 inveniri
330 1195 390 1243 tam
405 1181 529 1244 demens
550 1194 662 1266 potest,
679 1179 729 1262 qui
749 1201 787 1243 ne
808 1180 928 1242 minima
942 1181 1065 1263 quidem
1078 1179 1157 1242 ali-1⁰
1215 1188 1216 1227 f

193 1263 277 1349 eujus
293 1281 375 1329 certe
394 1266 503 1328 fiducia
524 1265 614 1350 partis
637 1265 811 1334 memoriam
830 1264 1011 1349 posteritatis
1030 1285 1128 1348 spera·
1215 1304 1216 1347 3

191 1350 268 1412 verit
284 1350 296 1411 ?
319 1351 409 1435 quisi
425 1351 489 1435 quis
506 1365 562 1429 est,
574 1351 649 1414 intra
664 1349 775 1433 primos
791 1351 888 1413 statim
905 1372 1007 1413 versus
1024 1352 1128 1434 depre·
1215 1362 1216 1431 g

192 1434 348 1513 hendetur,
366 1449 396 1499 et
426 1436 512 1498 citius
542 1458 597 1498 nos
624 1435 769 1510 demittet,
787 1443 875 1518 quani
899 1449 930 1498 ut
954 1435 1021 1520 ejus
1046 1436 1128 1499 nobis

191 1539 297 1600 magno
310 1519 452 1602 temporis
464 1520 641 1582 detrimento
657 1520 1039 1603 constetexperimentum.
1067 1519 1129 1584 Sed
1215 1520 1216 1583 l

190 1623 260 1679 non,
273 1603 413 1750 quiapuid
429 1605 466 1666 ad
482 1604 609 1686 aliquam
624 1618 739 1689 partem
755 1604 897 1667 scientiae
911 1606 1050 1688 pertinet,
1062 1621 1158 1690 pro-1⁵
1215 1622 1216 1671 ἒ

191 1687 267 1750 tinus
288 1688 325 1751 ad
360 1687 514 1752 aciendam
537 1689 627 1752 etiam
642 1697 757 1768 φράσιν,
775 1690 813 1751 de
829 1710 887 1772 qua
904 1691 1064 1773 loquimur,
1080 1713 1128 1754 ac·
1215 1690 1216 1731 ss

191 1773 425 1838 commodatum.
1215 1848 1216 1865 ,

234 1858 351 1924 Verum
365 1875 521 1944 antequam
537 1861 575 1924 de
591 1860 711 1944 singulis
726 1862 842 1944 loquar,
860 1882 955 1945 pauca
969 1861 999 1923 in
1014 1862 1128 1925 univer·
1215 1868 1216 1931 i

192 1964 258 2006 snm
269 1943 308 2006 de
323 1945 465 2008 varietate
481 1945 651 2028 opinionum
664 1946 790 2008 dicenda
806 1961 884 2008 sunt.
918 1946 1128 2030 Namquidam
1215 1954 1216 1959 ’

190 2026 271 2088 solos
292 2041 410 2092 veteres
433 2021 576 2112 leg'endos
600 2044 715 2112 putant,
731 2050 828 2112 neque
847 2031 876 2090 in
894 2030 959 2092 ullis
977 2031 1044 2111 aliis
1063 2046 1157 2094 essee>
1215 2082 1216 2102 ,

190 2112 351 2177 naturalem
370 2114 580 2197 eloquentiam,
599 2128 628 2177 et
645 2114 737 2177 robur·
752 2114 822 2177 viris
838 2115 969 2197 dignum,
986 2118 1129 2181 arbitran-
1215 2107 1216 2118 ἵ

191 2210 260 2261 tur:
284 2197 358 2263 alios
381 2220 487 2263 recens
510 2200 585 2263 haec
608 2200 743 2277 lascivia,
761 2199 958 2283 deliciaeque,
975 2214 1006 2263 ct
1029 2203 1129 2264 omnia
1215 2197 1216 2206 ’

179 2283 229 2345 ¹ad
245 2284 313 2349 volu
336 2298 427 2349 tatem
444 2285 637 2348 multitudinis
656 2285 810 2370 imperitae
830 2286 1010 2370 composita,
1028 2287 1128 2349 delec-
1215 2301 1217 2311 ¹

190 2382 263 2433 tant.
297 2306 450 2455 lpsorum
473 2370 575 2449 etiam,
592 2371 641 2455 qui
662 2386 777 2434 rectum
795 2371 914 2434 dicendi
933 2392 1026 2455 genus
1045 2371 1127 2455 sequi

118 2462 122 2469 ‘
190 2454 303 2531 volunt,
321 2456 369 2517 alii
391 2478 492 2538 pressa
511 2457 631 2519 demum
654 2470 684 2519 et
706 2456 815 2533 tenuia,
833 2470 864 2520 et
879 2478 954 2540 quae
976 2457 1157 2519 minimum&
1215 2513 1216 2516 ,

190 2538 227 2599 ab
243 2561 296 2602 usu
312 2540 482 2621 quotidiano
497 2541 651 2615 recedant,
663 2562 734 2602 sana
749 2554 779 2602 et
794 2562 865 2604 vere
883 2541 987 2604 Attica
1003 2556 1126 2625 putant:

189 2623 337 2701 quosdam
360 2622 464 2683 elatior
485 2622 593 2704 ingenii
614 2624 671 2697 vis,
688 2638 720 2686 ct
742 2624 833 2706 magis
856 2627 1016 2702 concitata,
1035 2643 1066 2689 et
1079 2626 1127 2689 alti
1215 2645 1216 2700 ξ

189 2703 307 2785 spiritus
324 2705 409 2787 plena
425 2707 504 2788 capit
521 2727 528 2766 :
552 2720 619 2769 sunt
634 2708 724 2769 etiam
738 2708 824 2786 lenis,
843 2724 873 2772 et
887 2711 981 2786 nitidi,
999 2726 1030 2773 et
1044 2734 1126 2774 com·
1215 2719 1216 2746 ³

188 2787 276 2869 positi
292 2788 408 2869 generis
428 2810 485 2851 non
508 2790 593 2871 pauci
613 2805 772 2854 amatores.
820 2792 873 2855 De
889 2816 946 2875 qua
961 2796 1127 2859 differentia
1215 2793 1216 2864 J

188 2870 521 2969 disseramdiligentius,
534 2895 602 2937 cum
618 2875 657 2937 de
672 2897 782 2957 genere
794 2878 914 2940 dicendi
926 2882 1156 2962 quaerendorum

189 2969 253 3019 ent.

232 3040 356 3107 Interim
372 3045 550 3123 summatim,
563 3046 633 3131 quid
648 3058 678 3109 et
692 3067 779 3130 aqua
793 3048 922 3110 lectione
937 3062 1040 3131 petere
1056 3072 1126 3134 pos·

189 3128 257 3207 sint,
269 3130 319 3214 qui
335 3130 511 3194 confirmare
526 3130 699 3205 facultatem
711 3132 831 3195 dicendi
847 3134 960 3211 volunt,
973 3135 1125 3217 attingam(

189 3211 310 3277 Paucos
327 3216 417 3290 enim,
435 3216 484 3298 qui
499 3231 566 3279 sunt
582 3217 815 3294 eminentissimi,
830 3239 994 3301 excerpere
1014 3220 1045 3281 in
1063 3220 1124 3281 ani·

188 3316 238 3355 mo
256 3310 312 3359 est.
360 3298 464 3361 Facile
484 3315 529 3363 est
550 3316 650 3365 autem
666 3302 818 3379 studiosis,
835 3304 886 3386 qui
901 3304 957 3365 sint
971 3303 1017 3365 his
1031 3304 1153 3366 simil-at

187 3377 260 3455 limi,
271 3378 408 3462 judicare
425 3404 432 3441 ε
456 3405 493 3445 ne
508 3386 664 3468 quisquam
678 3402 827 3471 queratur,
839 3388 966 3449 omissos
980 3386 1057 3449 sorte
1073 3389 1124 3451 ali·
1215 3407 1216 3414 ¹

188 3485 274 3548 quoe,
292 3484 366 3547 quos
387 3466 452 3549 ipse
472 3469 548 3530 valle
570 3472 687 3551 probet.
735 3470 848 3533 Fateor
868 3472 946 3533 enim
966 3472 1066 3555 plures
1080 3474 1122 3536 le·

186 3550 300 3633 gendos
316 3571 395 3627 esse,
413 3571 501 3634 quam
517 3554 566 3636 qui
582 3576 598 3617 a
613 3578 662 3618 me
676 3554 912 3618 nominabuntur.
