2459 4200
325 292 479 337 snnncra
498 290 648 346 ananau
664 294 801 337 carras.
995 280 1057 341 tue

113 442 270 520 renuendi,
291 442 544 527 confirmandique
573 458 684 522 motus,
703 458 771 509 sunt
792 459 824 507 et
844 447 1055 523 verecundiae,

113 542 146 591 et
161 528 364 604 dubitationis,
382 543 412 591 et
432 529 648 607 admirationis,
665 546 696 594 et
716 530 923 613 indignationis
943 533 1005 595 noti
1027 544 1059 597 et

113 635 291 677 communes
318 614 465 677 omuibus.
516 614 593 679 Solo
619 630 719 678 tamen
749 638 787 677 eo
813 615 912 679 lacere
941 632 1061 699 gestum

52 742 54 747 .
113 696 228 763 scenici
251 720 370 783 quoque
394 700 534 763 doctores
557 699 698 765 vitiosum
723 714 909 785 putaverunt.
957 701 1059 765 Etiam

79 808 94 849 a
113 782 255 867 frequens
272 784 335 868 ejus
352 799 439 847 nutus
454 806 513 847 non
529 800 613 847 caret
626 785 699 849 vitio
717 806 724 847 :
748 787 826 848 adeo
836 785 954 871 jactare
970 785 1013 863 id,
1029 800 1060 849 et

114 890 221 933 comas
236 870 437 933 excutientem
452 884 563 948 rotare,
581 869 740 934 fauadcum
756 885 813 935 est.

158 950 341 1017 Dominatur
364 969 463 1017 autern
485 956 616 1019 maxime
639 956 747 1020 vultus.
796 956 872 1021 Hoc
893 955 1056 1040 supplices,

114 1039 173 1103 hoc
197 1040 343 1117 minaces,
360 1041 420 1103 hoc
442 1041 554 1119 blaudi,
571 1041 630 1105 hoc
653 1042 764 1119 tristes,
780 1042 840 1105 hoc
861 1041 983 1119 hilares,
998 1042 1059 1105 hoc

115 1125 222 1201 erecti,
247 1125 307 1189 hoc
335 1126 484 1189 summissi
514 1148 640 1189 sumus:
665 1128 724 1189 lroe
749 1128 881 1209 pendent
909 1128 1057 1203 homines,

83 1209 194 1273 rohunc
218 1210 379 1289 intuentur,
399 1202 476 1273 hunc
504 1226 653 1294 spectant,
671 1212 760 1272 etiam
782 1226 850 1273 ante
873 1232 962 1293 quam
985 1210 1058 1271 dici·

115 1316 182 1357 mus
199 1316 207 1355 t
230 1296 288 1357 hoc
301 1296 449 1379 quosdam
463 1317 609 1373 amamus,
621 1296 681 1357 hoc
696 1295 813 1357 odimm
830 1316 837 1355 r
861 1296 920 1357 lroc
936 1294 1060 1377 plurima

115 1378 317 1463 intelligimus,
333 1381 383 1444 hic
400 1396 445 1445 est
463 1402 555 1465 saepe
570 1402 627 1464 pro
643 1380 779 1443 omnibus
795 1380 907 1443 verbis.
954 1378 1062 1461 Itaque

115 1464 146 1527 in
170 1465 218 1543 iis,
234 1486 311 1547 quae
338 1468 374 1529 ad
405 1488 527 1529 scenam
554 1480 783 1550 componuntur,
800 1464 906 1528 sabulis
930 1464 1060 1528 artifices

116 1551 331 1633 pronunciandi
347 1572 364 1615 a
380 1552 515 1635 personis
531 1572 650 1635 quoque
668 1553 795 1615 affectus
814 1564 1007 1614 mutuantur:
1028 1564 1061 1613 ut

83 1634 157 1701 usit
174 1636 302 1719 Aerope
324 1636 354 1699 iu
379 1637 528 1719 tragoedia
549 1637 651 1714 tristis,
668 1652 755 1700 atrox
778 1636 903 1714 Medea,
920 1636 1059 1699 attonitus

119 1719 216 1805 Ajax,
235 1722 415 1785 truculentus
437 1722 599 1785 Hercules.
650 1723 686 1783 ln
703 1723 870 1797 comoediis
884 1741 958 1782 vero
975 1739 1059 1812 prae·

117 1820 163 1869 ter
190 1806 277 1871 aliam
304 1807 555 1882 observationem,
573 1828 630 1889 qua
656 1805 747 1881 servi,
768 1806 903 1877 lenones,
926 1801 1058 1883 parasiti,

117 1891 235 1968 rustici,
251 1893 369 1971 milites,
387 1892 606 1965 meretriculae,
624 1890 760 1965 ancillae,
778 1906 864 1949 senes
891 1885 999 1947 atrsteri
1018 1904 1060 1949 ae

118 1976 220 2055 mites,
233 1976 359 2061 juvenes
386 1978 484 2041 severi
511 1998 547 2039 ac
558 2002 562 2009 ·
574 1974 729 2050 luxuriosi,
746 1986 910 2050 matronae,
928 1970 1058 2056 puellae,

84 2062 196 2128 spinter
211 2084 244 2126 se
259 2064 475 2143 discernuntur,
492 2077 577 2148 pater
592 2062 653 2139 ille,
666 2060 750 2145 eujus
765 2058 945 2144 praecipuae
960 2073 1062 2142 partes

120 2163 198 2225 sunt,
216 2150 285 2233 quia
312 2152 428 2214 interim
453 2150 632 2223 concitatus,
649 2146 765 2208 interim
791 2145 866 2206 lenis
891 2160 948 2218 est,
966 2145 1060 2205 altero

119 2251 235 2312 erecto,
250 2235 342 2301 altero
358 2236 526 2319 composito
543 2247 588 2293 est
603 2229 762 2310 supercilio
779 2249 786 2286 ε
810 2243 899 2308 atque
914 2227 946 2286 id
960 2238 1061 2321 osten·

120 2318 193 2382 dere
214 2322 343 2384 maxime
365 2323 438 2384 latus
459 2315 608 2381 actoribus
632 2311 723 2374 moris
746 2324 803 2384 cst,
820 2311 902 2393 quod
921 2329 993 2371 omn
1009 2329 1057 2385 ns,

21 2420 32 2430 “
119 2425 194 2488 quas
210 2421 311 2490 aginat,
329 2406 460 2489 partibus
476 2409 628 2480 congruat.

85 2514 114 2554 aa
167 2489 233 2554 Sed
256 2490 374 2574 inipso
397 2490 477 2552 vultu
500 2481 657 2566 plurimum
680 2478 779 2541 valent
800 2477 892 2555 oculi,
910 2498 963 2561 per
985 2497 1064 2574 quos

121 2576 252 2638 maxime
275 2576 387 2638 animus
411 2571 531 2642 eminet,
549 2579 580 2627 ut
599 2565 672 2626 citra
691 2578 804 2625 motum
820 2584 939 2646 quoque
963 2575 996 2624 et
1017 2562 1061 2623 hr-

119 2660 237 2722 laritate
253 2659 428 2729 enitescant,
440 2669 470 2716 er
484 2649 619 2716 tristitiae
631 2649 782 2732 quoddam
795 2649 927 2711 nubilum
938 2649 1057 2712 ducant.

67 2765 70 2770 ·
120 2742 208 2814 Quin
231 2740 319 2804 etiarn
341 2739 478 2802 lacrimas
501 2736 546 2800 his
568 2749 671 2798 natura
693 2734 800 2798 mentis
822 2734 936 2798 iudices
952 2734 1060 2797 deditz

120 2849 199 2912 quae
218 2841 268 2888 aut
286 2840 442 2909 erumpunt
457 2823 573 2899 dolore,
591 2835 641 2884 aut
663 2820 773 2884 laetitia
794 2835 924 2884 manant.
972 2818 1062 2882 Motu

87 2933 196 2984 savaro
211 2911 325 2990 intenti,
338 2909 465 2987 remissi,
482 2908 613 2993 superbi,
631 2906 720 2984 torri,
737 2905 951 3001 mitens-speri
966 2905 1061 2966 fiunt:

122 3017 214 3082 quae,
230 3011 261 3058 ut
287 3011 370 3060 actus
397 2994 584 3078 poposcerit,
603 2993 758 3071 fingentur.
804 2988 909 3068 Rigida
933 3006 1005 3046 vero
1032 2999 1067 3046 et

122 3081 250 3156 extenti,
273 3094 322 3142 aut
350 3079 479 3162 languidi
503 3092 534 3155 et
561 3087 726 3156 torpentes,
750 3084 801 3132 aut
822 3081 988 3150 stupentes,
1013 3081 1063 3130 aut

120 3164 226 3230 lascivi
243 3177 273 3226 et
288 3165 425 3241 mobiles,
437 3178 487 3227 aut
501 3173 634 3224 natantes
650 3171 681 3220 et
695 3155 823 3253 quedam
837 3153 989 3236 voluptate
1003 3149 1062 3248 sul·

122 3249 192 3327 lusi,
204 3263 253 3312 aut
268 3249 328 3312 limi
344 3265 389 3326 et,
398 3266 429 3313 ut
444 3248 488 3312 sic
505 3247 614 3321 dicam,
626 3262 761 3319 venerer,
771 3254 821 3302 aut
835 3252 998 3322 poscentes
1012 3237 1063 3299 alr·

90 3335 195 3420 sequid
211 3335 426 3419 pollicentesve
442 3353 591 3480 nnntptrarp
604 3326 858 3476 esepppelplppuppsi
878 3322 968 3494 32⁰}
975 3343 1067 3470 (iiidis

125 3435 176 3570 ¹aiil
191 3442 433 3586 sesilliiflidiiaer
446 3439 547 3566 iosllnt
565 3437 612 3564 adc
623 3500 699 3562 haec
708 3433 814 3562 (irradia
826 3493 1021 3595 exprimenda
1035 3491 1067 3551 in

396 3616 434 3672 tr
