<?xml version="1.0" encoding="UTF-8"?>
<!DOCTYPE html PUBLIC "-//W3C//DTD XHTML 1.0 Transitional//EN"
    "http://www.w3.org/TR/xhtml1/DTD/xhtml1-transitional.dtd">
<html xmlns="http://www.w3.org/1999/xhtml" xml:lang="en" lang="en">
 <head>
  <title>
</title>
<meta http-equiv="Content-Type" content="text/html;charset=utf-8" />
  <meta name='ocr-system' content='tesseract 3.04.00' />
  <meta name='ocr-capabilities' content='ocr_page ocr_carea ocr_par ocr_line ocrx_word'/>
</head>
<body>
  <div class='ocr_page' id='page_1' title='image "./mfabiiquinctili00aldegoog_0166.png"; bbox 0 0 2459 4200; ppageno 0'>
   <div class='ocr_carea' id='block_1_1' title="bbox 166 281 850 353">
    <p class='ocr_par' dir='ltr' id='par_1_1' title="bbox 166 281 850 353">
     <span class='ocr_line' id='line_1_1' title="bbox 166 281 850 353; baseline 0.003 -21"><span class='ocrx_word' id='word_1_1' title='bbox 166 281 233 346; x_wconf 68' lang='grc' dir='ltr'><strong>ιω</strong></span> <span class='ocrx_word' id='word_1_2' title='bbox 454 291 491 338; x_wconf 79' lang='lat' dir='ltr'><strong>n.</strong></span> <span class='ocrx_word' id='word_1_3' title='bbox 512 289 605 353; x_wconf 72' lang='lat' dir='ltr'><strong>nram</strong></span> <span class='ocrx_word' id='word_1_4' title='bbox 624 287 850 344; x_wconf 74' lang='lat' dir='ltr'><strong>anterranum</strong></span> 
     </span>
    </p>
   </div>
   <div class='ocr_carea' id='block_1_2' title="bbox 154 439 1153 3492">
    <p class='ocr_par' dir='ltr' id='par_1_2' title="bbox 154 439 1153 3492">
     <span class='ocr_line' id='line_1_2' title="bbox 162 439 1107 528; baseline -0.004 -16"><span class='ocrx_word' id='word_1_5' title='bbox 162 445 249 521; x_wconf 88' lang='lat' dir='ltr'><strong>tollit,</strong></span> <span class='ocrx_word' id='word_1_6' title='bbox 267 463 403 528; x_wconf 77' lang='lat' dir='ltr'>premere</span> <span class='ocrx_word' id='word_1_7' title='bbox 419 461 456 504; x_wconf 86' lang='lat' dir='ltr'><strong>ne</strong></span> <span class='ocrx_word' id='word_1_8' title='bbox 472 441 629 526; x_wconf 79' lang='lat' dir='ltr'><strong>despicere</strong></span> <span class='ocrx_word' id='word_1_9' title='bbox 643 439 787 518; x_wconf 81' lang='lat' dir='ltr'><strong>ereditur,</strong></span> <span class='ocrx_word' id='word_1_10' title='bbox 803 446 860 505; x_wconf 84' lang='lat' dir='ltr'><strong>noo</strong></span> <span class='ocrx_word' id='word_1_11' title='bbox 876 452 939 504; x_wconf 80' lang='lat' dir='ltr'><strong>tam</strong></span> <span class='ocrx_word' id='word_1_12' title='bbox 953 459 991 505; x_wconf 82' lang='lat' dir='ltr'><strong>se</strong></span> <span class='ocrx_word' id='word_1_13' title='bbox 1008 439 1107 524; x_wconf 56' lang='lat' dir='ltr'><strong>maio*</strong></span> 
     </span>
     <span class='ocr_line' id='line_1_3' title="bbox 161 521 1103 612; baseline 0 -18"><span class='ocrx_word' id='word_1_14' title='bbox 161 551 238 606; x_wconf 84' lang='lat' dir='ltr'><strong>rem,</strong></span> <span class='ocrx_word' id='word_1_15' title='bbox 253 549 344 612; x_wconf 86' lang='lat' dir='ltr'><strong>quam</strong></span> <span class='ocrx_word' id='word_1_16' title='bbox 366 527 498 590; x_wconf 83' lang='lat' dir='ltr'><strong>minores</strong></span> <span class='ocrx_word' id='word_1_17' title='bbox 518 541 636 590; x_wconf 84' lang='lat' dir='ltr'><strong>eeteros</strong></span> <span class='ocrx_word' id='word_1_18' title='bbox 651 523 763 592; x_wconf 81' lang='lat' dir='ltr'><strong>facere</strong></span> <span class='ocrx_word' id='word_1_19' title='bbox 810 521 887 586; x_wconf 87' lang='lat' dir='ltr'><strong>Inde</strong></span> <span class='ocrx_word' id='word_1_20' title='bbox 903 523 1035 592; x_wconf 85' lang='lat' dir='ltr'><strong>invident</strong></span> <span class='ocrx_word' id='word_1_21' title='bbox 1048 526 1103 594; x_wconf 80' lang='lat' dir='ltr'><strong>he·</strong></span> 
     </span>
     <span class='ocr_line' id='line_1_4' title="bbox 161 609 1105 695; baseline -0.001 -15"><span class='ocrx_word' id='word_1_22' title='bbox 161 615 294 680; x_wconf 85' lang='lat' dir='ltr'><strong>ruilioree</strong></span> <span class='ocrx_word' id='word_1_23' title='bbox 311 613 395 695; x_wconf 88' lang='lat' dir='ltr'><strong>(nam</strong></span> <span class='ocrx_word' id='word_1_24' title='bbox 417 613 476 676; x_wconf 84' lang='lat' dir='ltr'><strong>hon</strong></span> <span class='ocrx_word' id='word_1_25' title='bbox 499 612 604 678; x_wconf 87' lang='lat' dir='ltr'><strong>vititnn</strong></span> <span class='ocrx_word' id='word_1_26' title='bbox 629 624 676 677; x_wconf 87' lang='lat' dir='ltr'><strong>est</strong></span> <span class='ocrx_word' id='word_1_27' title='bbox 701 630 817 686; x_wconf 85' lang='lat' dir='ltr'><strong>eorum,</strong></span> <span class='ocrx_word' id='word_1_28' title='bbox 834 609 884 692; x_wconf 89' lang='lat' dir='ltr'><strong>qui</strong></span> <span class='ocrx_word' id='word_1_29' title='bbox 910 630 969 677; x_wconf 84' lang='lat' dir='ltr'><strong>nee</strong></span> <span class='ocrx_word' id='word_1_30' title='bbox 992 611 1105 679; x_wconf 77' lang='lat' dir='ltr'><strong>taedere</strong></span> 
     </span>
     <span class='ocr_line' id='line_1_5' title="bbox 161 695 1104 780; baseline 0 -17"><span class='ocrx_word' id='word_1_31' title='bbox 161 699 277 776; x_wconf 74' lang='lat' dir='ltr'><strong>volaret,</strong></span> <span class='ocrx_word' id='word_1_32' title='bbox 292 719 349 762; x_wconf 86' lang='lat' dir='ltr'><strong>neo</strong></span> <span class='ocrx_word' id='word_1_33' title='bbox 366 712 488 780; x_wconf 79' lang='lat' dir='ltr'><strong>possunt</strong></span> <span class='ocrx_word' id='word_1_34' title='bbox 503 696 714 778; x_wconf 64' lang='lat' dir='ltr'><strong>contendere.)</strong></span> <span class='ocrx_word' id='word_1_35' title='bbox 734 695 831 762; x_wconf 85' lang='lat' dir='ltr'><strong>rident</strong></span> <span class='ocrx_word' id='word_1_36' title='bbox 849 695 1032 778; x_wconf 70' lang='lat' dir='ltr'><strong>superiores.</strong></span> <span class='ocrx_word' id='word_1_37' title='bbox 1047 696 1104 763; x_wconf 75' lang='lat' dir='ltr'><strong>&#39;ne</strong></span> 
     </span>
     <span class='ocr_line' id='line_1_6' title="bbox 161 779 1127 868; baseline -0.008 -18"><span class='ocrx_word' id='word_1_38' title='bbox 161 784 291 868; x_wconf 78' lang='lat' dir='ltr'><strong>probant</strong></span> <span class='ocrx_word' id='word_1_39' title='bbox 310 783 391 847; x_wconf 84' lang='lat' dir='ltr'><strong>honi.</strong></span> <span class='ocrx_word' id='word_1_40' title='bbox 438 782 623 865; x_wconf 80' lang='lat' dir='ltr'>Plerumque</span> <span class='ocrx_word' id='word_1_41' title='bbox 644 803 717 848; x_wconf 82' lang='lat' dir='ltr'><strong>vere</strong></span> <span class='ocrx_word' id='word_1_42' title='bbox 738 779 945 862; x_wconf 75' lang='lat' dir='ltr'><strong>deprehendas</strong></span> <span class='ocrx_word' id='word_1_43' title='bbox 964 801 1127 864; x_wconf 71' lang='lat' dir='ltr'><strong>megan-⁵</strong></span> 
     </span>
     <span class='ocr_line' id='line_1_7' title="bbox 162 863 1106 956; baseline 0.004 -24"><span class='ocrx_word' id='word_1_44' title='bbox 162 869 235 943; x_wconf 86' lang='lat' dir='ltr'><strong>tium</strong></span> <span class='ocrx_word' id='word_1_45' title='bbox 250 867 354 934; x_wconf 86' lang='lat' dir='ltr'><strong>falsam</strong></span> <span class='ocrx_word' id='word_1_46' title='bbox 370 869 408 932; x_wconf 88' lang='lat' dir='ltr'><strong>de</strong></span> <span class='ocrx_word' id='word_1_47' title='bbox 429 889 464 932; x_wconf 89' lang='lat' dir='ltr'><strong>se</strong></span> <span class='ocrx_word' id='word_1_48' title='bbox 477 868 650 956; x_wconf 74' lang='lat' dir='ltr'>opinionem</span> <span class='ocrx_word' id='word_1_49' title='bbox 665 888 676 928; x_wconf 73' lang='grc' dir='ltr'>ι</span> <span class='ocrx_word' id='word_1_50' title='bbox 696 867 751 934; x_wconf 89' lang='lat' dir='ltr'><strong>sed</strong></span> <span class='ocrx_word' id='word_1_51' title='bbox 770 863 799 928; x_wconf 89' lang='lat' dir='ltr'><strong>in</strong></span> <span class='ocrx_word' id='word_1_52' title='bbox 814 864 894 932; x_wconf 78' lang='lat' dir='ltr'><strong>veria</strong></span> <span class='ocrx_word' id='word_1_53' title='bbox 909 886 1028 950; x_wconf 84' lang='lat' dir='ltr'><strong>quoque</strong></span> <span class='ocrx_word' id='word_1_54' title='bbox 1042 865 1106 936; x_wconf 73' lang='lat' dir='ltr'><strong>auf·</strong></span> 
     </span>
     <span class='ocr_line' id='line_1_8' title="bbox 163 952 981 1024; baseline 0.01 -8"><span class='ocrx_word' id='word_1_55' title='bbox 163 953 225 1018; x_wconf 86' lang='lat' dir='ltr'><strong>fieit</strong></span> <span class='ocrx_word' id='word_1_56' title='bbox 240 952 434 1019; x_wconf 81' lang='lat' dir='ltr'><strong>conscientia.</strong></span> <span class='ocrx_word' id='word_1_57' title='bbox 696 993 703 1002; x_wconf 90' lang='lat'><strong>·</strong></span> <span class='ocrx_word' id='word_1_58' title='bbox 786 969 789 976; x_wconf 86' lang='lat'>&#39;</span> <span class='ocrx_word' id='word_1_59' title='bbox 840 961 851 976; x_wconf 79' lang='grc'><strong>“</strong></span> <span class='ocrx_word' id='word_1_60' title='bbox 976 1017 981 1024; x_wconf 88' lang='grc'><strong>.</strong></span> 
     </span>
     <span class='ocr_line' id='line_1_9' title="bbox 205 1034 1103 1122; baseline 0 -20"><span class='ocrx_word' id='word_1_61' title='bbox 205 1037 422 1122; x_wconf 87' lang='lat' dir='ltr'><strong>Reprehensos</strong></span> <span class='ocrx_word' id='word_1_62' title='bbox 437 1052 483 1102; x_wconf 87' lang='lat' dir='ltr'><strong>est</strong></span> <span class='ocrx_word' id='word_1_63' title='bbox 497 1039 526 1102; x_wconf 89' lang='lat' dir='ltr'><strong>in</strong></span> <span class='ocrx_word' id='word_1_64' title='bbox 542 1037 598 1102; x_wconf 83' lang='lat' dir='ltr'><strong>ltao</strong></span> <span class='ocrx_word' id='word_1_65' title='bbox 620 1049 705 1120; x_wconf 83' lang='lat' dir='ltr'><strong>parte</strong></span> <span class='ocrx_word' id='word_1_66' title='bbox 724 1057 785 1100; x_wconf 89' lang='lat' dir='ltr'><strong>non</strong></span> <span class='ocrx_word' id='word_1_67' title='bbox 803 1034 994 1104; x_wconf 72' lang='lat' dir='ltr'><strong>mediocriter</strong></span> <span class='ocrx_word' id='word_1_68' title='bbox 1007 1034 1103 1104; x_wconf 78' lang='lat' dir='ltr'><strong>Clee-</strong></span> 
     </span>
     <span class='ocr_line' id='line_1_10' title="bbox 161 1121 1107 1206; baseline 0.001 -20"><span class='ocrx_word' id='word_1_69' title='bbox 161 1144 207 1198; x_wconf 87' lang='lat' dir='ltr'><strong>ro,</strong></span> <span class='ocrx_word' id='word_1_70' title='bbox 230 1143 396 1205; x_wconf 85' lang='lat' dir='ltr'><strong>quanquam</strong></span> <span class='ocrx_word' id='word_1_71' title='bbox 423 1123 447 1186; x_wconf 84' lang='lat' dir='ltr'><strong>is</strong></span> <span class='ocrx_word' id='word_1_72' title='bbox 470 1123 590 1206; x_wconf 89' lang='lat' dir='ltr'><strong>quidem</strong></span> <span class='ocrx_word' id='word_1_73' title='bbox 611 1142 711 1186; x_wconf 87' lang='lat' dir='ltr'><strong>rerum</strong></span> <span class='ocrx_word' id='word_1_74' title='bbox 733 1142 807 1187; x_wconf 87' lang='lat' dir='ltr'><strong>ase</strong></span> <span class='ocrx_word' id='word_1_75' title='bbox 828 1135 979 1203; x_wconf 77' lang='lat' dir='ltr'><strong>gestarum</strong></span> <span class='ocrx_word' id='word_1_76' title='bbox 1006 1121 1107 1206; x_wconf 82' lang='lat' dir='ltr'><strong>major</strong></span> 
     </span>
     <span class='ocr_line' id='line_1_11' title="bbox 162 1205 1141 1291; baseline 0.004 -21"><span class='ocrx_word' id='word_1_77' title='bbox 162 1228 250 1291; x_wconf 89' lang='lat' dir='ltr'><strong>qoam</strong></span> <span class='ocrx_word' id='word_1_78' title='bbox 265 1207 454 1290; x_wconf 74' lang='lat' dir='ltr'><strong>eloquentiae</strong></span> <span class='ocrx_word' id='word_1_79' title='bbox 467 1207 520 1274; x_wconf 89' lang='lat' dir='ltr'><strong>fnit</strong></span> <span class='ocrx_word' id='word_1_80' title='bbox 535 1207 564 1273; x_wconf 90' lang='lat' dir='ltr'><strong>in</strong></span> <span class='ocrx_word' id='word_1_81' title='bbox 579 1206 761 1270; x_wconf 83' lang='lat' dir='ltr'><strong>orationibus</strong></span> <span class='ocrx_word' id='word_1_82' title='bbox 775 1205 876 1289; x_wconf 85' lang='lat' dir='ltr'><strong>utique</strong></span> <span class='ocrx_word' id='word_1_83' title='bbox 885 1205 1030 1290; x_wconf 69' lang='lat' dir='ltr'><strong>jaceret.</strong></span> <span class='ocrx_word' id='word_1_84' title='bbox 1059 1207 1141 1276; x_wconf 72' lang='lat' dir='ltr'><strong>Etr·</strong></span> 
     </span>
     <span class='ocr_line' id='line_1_12' title="bbox 162 1290 1103 1376; baseline 0.004 -20"><span class='ocrx_word' id='word_1_85' title='bbox 162 1293 337 1376; x_wconf 85' lang='lat' dir='ltr'><strong>plerumque</strong></span> <span class='ocrx_word' id='word_1_86' title='bbox 360 1292 429 1356; x_wconf 91' lang='lat' dir='ltr'><strong>illud</strong></span> <span class='ocrx_word' id='word_1_87' title='bbox 449 1313 568 1376; x_wconf 83' lang='lat' dir='ltr'><strong>quoqne</strong></span> <span class='ocrx_word' id='word_1_88' title='bbox 589 1314 649 1354; x_wconf 89' lang='lat' dir='ltr'><strong>non</strong></span> <span class='ocrx_word' id='word_1_89' title='bbox 670 1293 735 1356; x_wconf 86' lang='lat' dir='ltr'><strong>sine</strong></span> <span class='ocrx_word' id='word_1_90' title='bbox 760 1291 857 1374; x_wconf 87' lang='lat' dir='ltr'><strong>aliqua</strong></span> <span class='ocrx_word' id='word_1_91' title='bbox 880 1290 994 1359; x_wconf 79' lang='lat' dir='ltr'><strong>rarione</strong></span> <span class='ocrx_word' id='word_1_92' title='bbox 1016 1290 1103 1360; x_wconf 84' lang='lat' dir='ltr'><strong>feeit.</strong></span> 
     </span>
     <span class='ocr_line' id='line_1_13' title="bbox 164 1375 1106 1460; baseline 0.005 -18"><span class='ocrx_word' id='word_1_93' title='bbox 164 1376 229 1442; x_wconf 84' lang='lat' dir='ltr'><strong>Aut</strong></span> <span class='ocrx_word' id='word_1_94' title='bbox 245 1377 326 1440; x_wconf 85' lang='lat' dir='ltr'><strong>enim</strong></span> <span class='ocrx_word' id='word_1_95' title='bbox 344 1378 478 1442; x_wconf 85' lang='lat' dir='ltr'><strong>tuebatur</strong></span> <span class='ocrx_word' id='word_1_96' title='bbox 497 1399 563 1454; x_wconf 87' lang='lat' dir='ltr'><strong>eos,</strong></span> <span class='ocrx_word' id='word_1_97' title='bbox 581 1377 686 1460; x_wconf 82' lang='lat' dir='ltr'><strong>quihus</strong></span> <span class='ocrx_word' id='word_1_98' title='bbox 706 1392 772 1442; x_wconf 83' lang='lat' dir='ltr'><strong>eret</strong></span> <span class='ocrx_word' id='word_1_99' title='bbox 788 1375 974 1459; x_wconf 75' lang='lat' dir='ltr'><strong>adjutoribus</strong></span> <span class='ocrx_word' id='word_1_100' title='bbox 987 1399 1056 1446; x_wconf 73' lang='lat' dir='ltr'><strong>usus</strong></span> <span class='ocrx_word' id='word_1_101' title='bbox 1071 1378 1106 1446; x_wconf 80' lang='lat' dir='ltr'><strong>iu</strong></span> 
     </span>
     <span class='ocr_line' id='line_1_14' title="bbox 162 1460 1105 1548; baseline 0.008 -26"><span class='ocrx_word' id='word_1_102' title='bbox 162 1461 358 1542; x_wconf 85' lang='lat' dir='ltr'><strong>opprimenda</strong></span> <span class='ocrx_word' id='word_1_103' title='bbox 373 1461 649 1544; x_wconf 59' lang='lat' dir='ltr'><strong>conjurationem</strong></span> <span class='ocrx_word' id='word_1_104' title='bbox 663 1461 863 1548; x_wconf 79' lang='lat' dir='ltr'><strong>respondebat</strong></span> <span class='ocrx_word' id='word_1_105' title='bbox 877 1460 1007 1528; x_wconf 78' lang='lat' dir='ltr'><strong>invidiae</strong></span> <span class='ocrx_word' id='word_1_106' title='bbox 1021 1483 1029 1522; x_wconf 91' lang='lat'><strong>:</strong></span> <span class='ocrx_word' id='word_1_107' title='bbox 1050 1462 1105 1530; x_wconf 79' lang='lat' dir='ltr'><strong>etri</strong></span> 
     </span>
     <span class='ocr_line' id='line_1_15' title="bbox 162 1544 1104 1629; baseline 0.006 -21"><span class='ocrx_word' id='word_1_108' title='bbox 162 1557 260 1608; x_wconf 82' lang='lat' dir='ltr'><strong>nmen</strong></span> <span class='ocrx_word' id='word_1_109' title='bbox 276 1544 404 1608; x_wconf 79' lang='lat' dir='ltr'><strong>nonfuit</strong></span> <span class='ocrx_word' id='word_1_110' title='bbox 419 1565 483 1626; x_wconf 84' lang='lat' dir='ltr'><strong>par,</strong></span> <span class='ocrx_word' id='word_1_111' title='bbox 502 1561 636 1612; x_wconf 85' lang='lat' dir='ltr'><strong>servatae</strong></span> <span class='ocrx_word' id='word_1_112' title='bbox 656 1546 768 1628; x_wconf 82' lang='lat' dir='ltr'><strong>patriae</strong></span> <span class='ocrx_word' id='word_1_113' title='bbox 783 1567 912 1628; x_wconf 82' lang='lat' dir='ltr'><strong>poenam</strong></span> <span class='ocrx_word' id='word_1_114' title='bbox 925 1567 1030 1629; x_wconf 74' lang='lat' dir='ltr'><strong>passim</strong></span> <span class='ocrx_word' id='word_1_115' title='bbox 1044 1569 1104 1614; x_wconf 72' lang='lat' dir='ltr'><strong>ex·</strong></span> 
     </span>
     <span class='ocr_line' id='line_1_16' title="bbox 162 1627 1140 1715; baseline 0.01 -25"><span class='ocrx_word' id='word_1_116' title='bbox 162 1627 282 1690; x_wconf 84' lang='lat' dir='ltr'><strong>ellium:</strong></span> <span class='ocrx_word' id='word_1_117' title='bbox 306 1629 581 1711; x_wconf 70' lang='lat' dir='ltr'><strong>uentorumque</strong></span> <span class='ocrx_word' id='word_1_118' title='bbox 604 1644 704 1712; x_wconf 79' lang='lat' dir='ltr'>egerat</span> <span class='ocrx_word' id='word_1_119' title='bbox 725 1631 755 1696; x_wconf 88' lang='lat' dir='ltr'><strong>iu</strong></span> <span class='ocrx_word' id='word_1_120' title='bbox 777 1630 1140 1715; x_wconf 64' lang='lat' dir='ltr'><strong>commanentium</strong></span> 
     </span>
     <span class='ocr_line' id='line_1_17' title="bbox 162 1713 1107 1800; baseline 0.001 -20"><span class='ocrx_word' id='word_1_121' title='bbox 162 1713 409 1782; x_wconf 75' lang='lat' dir='ltr'><strong>commemoratio</strong></span> <span class='ocrx_word' id='word_1_122' title='bbox 430 1713 526 1795; x_wconf 84' lang='lat' dir='ltr'><strong>possit</strong></span> <span class='ocrx_word' id='word_1_123' title='bbox 548 1714 643 1780; x_wconf 87' lang='lat' dir='ltr'><strong>videri</strong></span> <span class='ocrx_word' id='word_1_124' title='bbox 669 1736 729 1782; x_wconf 89' lang='lat' dir='ltr'><strong>eon</strong></span> <span class='ocrx_word' id='word_1_125' title='bbox 750 1716 863 1797; x_wconf 78' lang='lat' dir='ltr'><strong>gloriae</strong></span> <span class='ocrx_word' id='word_1_126' title='bbox 888 1716 995 1798; x_wconf 70' lang='lat' dir='ltr'><strong>ungis,</strong></span> <span class='ocrx_word' id='word_1_127' title='bbox 1010 1739 1107 1800; x_wconf 72' lang='lat' dir='ltr'><strong>qnam</strong></span> 
     </span>
     <span class='ocr_line' id='line_1_18' title="bbox 161 1795 1106 1883; baseline 0.006 -21"><span class='ocrx_word' id='word_1_128' title='bbox 161 1795 339 1875; x_wconf 75' lang='lat' dir='ltr'><strong>defensioni,</strong></span> <span class='ocrx_word' id='word_1_129' title='bbox 357 1799 435 1866; x_wconf 78' lang='lat' dir='ltr'><strong>(leta.</strong></span> <span class='ocrx_word' id='word_1_130' title='bbox 483 1798 694 1882; x_wconf 74' lang='lat' dir='ltr'><strong>Eloquentiam</strong></span> <span class='ocrx_word' id='word_1_131' title='bbox 719 1801 841 1883; x_wconf 86' lang='lat' dir='ltr'><strong>quidem</strong></span> <span class='ocrx_word' id='word_1_132' title='bbox 866 1822 939 1868; x_wconf 88' lang='lat' dir='ltr'><strong>eum</strong></span> <span class='ocrx_word' id='word_1_133' title='bbox 965 1798 1106 1883; x_wconf 60' lang='lat' dir='ltr'><strong>plenieeis</strong></span> 
     </span>
     <span class='ocr_line' id='line_1_19' title="bbox 162 1883 1107 1975; baseline 0.008 -27"><span class='ocrx_word' id='word_1_134' title='bbox 162 1903 241 1948; x_wconf 85' lang='lat' dir='ltr'><strong>mam</strong></span> <span class='ocrx_word' id='word_1_135' title='bbox 254 1883 392 1948; x_wconf 77' lang='lat' dir='ltr'><strong>divneae</strong></span> <span class='ocrx_word' id='word_1_136' title='bbox 405 1885 497 1966; x_wconf 83' lang='lat' dir='ltr'><strong>partis</strong></span> <span class='ocrx_word' id='word_1_137' title='bbox 507 1885 662 1948; x_wconf 79' lang='lat' dir='ltr'><strong>aduocatis</strong></span> <span class='ocrx_word' id='word_1_138' title='bbox 677 1885 938 1960; x_wconf 57' lang='lat' dir='ltr'><strong>concederetmibi</strong></span> <span class='ocrx_word' id='word_1_139' title='bbox 952 1907 1107 1975; x_wconf 73' lang='lat' dir='ltr'><strong>nunquam</strong></span> 
     </span>
     <span class='ocr_line' id='line_1_20' title="bbox 162 1966 1103 2051; baseline 0.006 -19"><span class='ocrx_word' id='word_1_140' title='bbox 162 1966 328 2046; x_wconf 81' lang='lat' dir='ltr'><strong>iungendo</strong></span> <span class='ocrx_word' id='word_1_141' title='bbox 349 1968 513 2032; x_wconf 85' lang='lat' dir='ltr'><strong>immodice</strong></span> <span class='ocrx_word' id='word_1_142' title='bbox 534 1970 691 2051; x_wconf 79' lang='lat' dir='ltr'><strong>arrogavit.</strong></span> <span class='ocrx_word' id='word_1_143' title='bbox 738 1968 823 2036; x_wconf 87' lang='lat' dir='ltr'><strong>Illius</strong></span> <span class='ocrx_word' id='word_1_144' title='bbox 846 1984 914 2037; x_wconf 84' lang='lat' dir='ltr'><strong>aunt</strong></span> <span class='ocrx_word' id='word_1_145' title='bbox 936 1971 1026 2047; x_wconf 73' lang='lat' dir='ltr'><strong>anun,</strong></span> <span class='ocrx_word' id='word_1_146' title='bbox 1049 1971 1103 2050; x_wconf 77' lang='lat' dir='ltr'><strong>Si,</strong></span> 
     </span>
     <span class='ocr_line' id='line_1_21' title="bbox 154 2048 1138 2148; baseline 0.016 -39"><span class='ocrx_word' id='word_1_147' title='bbox 154 2048 288 2131; x_wconf 67' lang='lat' dir='ltr'><strong>jardieea,</strong></span> <span class='ocrx_word' id='word_1_148' title='bbox 304 2050 424 2148; x_wconf 66' lang='lat' dir='ltr'><strong>ingenii</strong></span> <span class='ocrx_word' id='word_1_149' title='bbox 437 2052 508 2129; x_wconf 81' lang='lat' dir='ltr'><strong>mei,</strong></span> <span class='ocrx_word' id='word_1_150' title='bbox 527 2054 605 2134; x_wconf 85' lang='lat' dir='ltr'><strong>qaod</strong></span> <span class='ocrx_word' id='word_1_151' title='bbox 620 2054 714 2117; x_wconf 82' lang='lat' dir='ltr'><strong>eenlt‘e</strong></span> <span class='ocrx_word' id='word_1_152' title='bbox 729 2075 819 2136; x_wconf 79' lang='lat' dir='ltr'><strong>qaam</strong></span> <span class='ocrx_word' id='word_1_153' title='bbox 833 2055 872 2117; x_wconf 78' lang='lat' dir='ltr'><strong>eil</strong></span> <span class='ocrx_word' id='word_1_154' title='bbox 886 2055 1138 2136; x_wconf 60' lang='lat' dir='ltr'><strong>nigromantia</strong></span> 
     </span>
     <span class='ocr_line' id='line_1_22' title="bbox 167 2133 1153 2221; baseline 0.008 -28"><span class='ocrx_word' id='word_1_155' title='bbox 167 2133 236 2209; x_wconf 78' lang='lat' dir='ltr'><strong>Quo</strong></span> <span class='ocrx_word' id='word_1_156' title='bbox 251 2134 376 2215; x_wconf 80' lang='lat' dir='ltr'><strong>ingemo</strong></span> <span class='ocrx_word' id='word_1_157' title='bbox 391 2136 491 2198; x_wconf 82' lang='lat' dir='ltr'><strong>minna</strong></span> <span class='ocrx_word' id='word_1_158' title='bbox 505 2158 639 2219; x_wconf 77' lang='lat' dir='ltr'><strong>perenni,</strong></span> <span class='ocrx_word' id='word_1_159' title='bbox 655 2139 824 2200; x_wconf 68' lang='lat' dir='ltr'><strong>subsidium</strong></span> <span class='ocrx_word' id='word_1_160' title='bbox 844 2141 920 2200; x_wconf 79' lang='lat' dir='ltr'><strong>milri</strong></span> <span class='ocrx_word' id='word_1_161' title='bbox 935 2141 1105 2221; x_wconf 67' lang='lat' dir='ltr'><strong>diligentia</strong></span> <span class='ocrx_word' id='word_1_162' title='bbox 1151 2205 1153 2210; x_wconf 68' lang='grc'>,</span> 
     </span>
     <span class='ocr_line' id='line_1_23' title="bbox 161 2219 1101 2301; baseline 0.007 -13"><span class='ocrx_word' id='word_1_163' title='bbox 161 2219 347 2301; x_wconf 70' lang='lat' dir='ltr'><strong>temporavi.</strong></span> <span class='ocrx_word' id='word_1_164' title='bbox 391 2219 476 2291; x_wconf 80' lang='lat' dir='ltr'><strong>Quin</strong></span> <span class='ocrx_word' id='word_1_165' title='bbox 492 2222 581 2293; x_wconf 87' lang='lat' dir='ltr'><strong>etiam</strong></span> <span class='ocrx_word' id='word_1_166' title='bbox 596 2238 701 2291; x_wconf 84' lang='lat' dir='ltr'><strong>eontra</strong></span> <span class='ocrx_word' id='word_1_167' title='bbox 716 2223 993 2294; x_wconf 64' lang='lat' dir='ltr'><strong>ementiundo</strong></span> <span class='ocrx_word' id='word_1_168' title='bbox 1008 2247 1101 2294; x_wconf 84' lang='lat' dir='ltr'><strong>aecu-</strong></span> 
     </span>
     <span class='ocr_line' id='line_1_24' title="bbox 159 2304 1103 2393; baseline 0.01 -24"><span class='ocrx_word' id='word_1_169' title='bbox 159 2318 260 2377; x_wconf 77' lang='lat' dir='ltr'><strong>aatore</strong></span> <span class='ocrx_word' id='word_1_170' title='bbox 281 2306 313 2373; x_wconf 86' lang='lat' dir='ltr'><strong>iu</strong></span> <span class='ocrx_word' id='word_1_171' title='bbox 327 2304 457 2375; x_wconf 83' lang='lat' dir='ltr'><strong>Verrem</strong></span> <span class='ocrx_word' id='word_1_172' title='bbox 479 2310 699 2387; x_wconf 76' lang='lat' dir='ltr'><strong>constituendo,</strong></span> <span class='ocrx_word' id='word_1_173' title='bbox 716 2310 853 2393; x_wconf 69' lang='lat' dir='ltr'><strong>quamvis.</strong></span> <span class='ocrx_word' id='word_1_174' title='bbox 874 2310 997 2378; x_wconf 88' lang='lat' dir='ltr'><strong>multum</strong></span> <span class='ocrx_word' id='word_1_175' title='bbox 1019 2325 1103 2377; x_wconf 78' lang='lat' dir='ltr'><strong>emet</strong></span> 
     </span>
     <span class='ocr_line' id='line_1_25' title="bbox 159 2388 1104 2477; baseline 0.006 -19"><span class='ocrx_word' id='word_1_176' title='bbox 159 2388 190 2458; x_wconf 82' lang='lat' dir='ltr'><strong>itt</strong></span> <span class='ocrx_word' id='word_1_177' title='bbox 212 2392 270 2455; x_wconf 89' lang='lat' dir='ltr'><strong>hoe</strong></span> <span class='ocrx_word' id='word_1_178' title='bbox 291 2412 410 2477; x_wconf 85' lang='lat' dir='ltr'><strong>quoque</strong></span> <span class='ocrx_word' id='word_1_179' title='bbox 432 2394 587 2468; x_wconf 77' lang='lat' dir='ltr'><strong>momenti,</strong></span> <span class='ocrx_word' id='word_1_180' title='bbox 604 2410 670 2461; x_wconf 88' lang='lat' dir='ltr'><strong>nter</strong></span> <span class='ocrx_word' id='word_1_181' title='bbox 691 2396 729 2457; x_wconf 89' lang='lat' dir='ltr'><strong>ad</strong></span> <span class='ocrx_word' id='word_1_182' title='bbox 750 2396 896 2477; x_wconf 75' lang='lat' dir='ltr'><strong>agendum</strong></span> <span class='ocrx_word' id='word_1_183' title='bbox 919 2396 1013 2477; x_wconf 78' lang='lat' dir='ltr'><strong>magia</strong></span> <span class='ocrx_word' id='word_1_184' title='bbox 1034 2396 1104 2463; x_wconf 80' lang='lat' dir='ltr'><strong>ido·</strong></span> 
     </span>
     <span class='ocr_line' id='line_1_26' title="bbox 160 2477 1140 2563; baseline 0.01 -22"><span class='ocrx_word' id='word_1_185' title='bbox 160 2495 234 2559; x_wconf 80' lang='lat' dir='ltr'><strong>neus</strong></span> <span class='ocrx_word' id='word_1_186' title='bbox 247 2477 375 2552; x_wconf 80' lang='lat' dir='ltr'><strong>ueniret,</strong></span> <span class='ocrx_word' id='word_1_187' title='bbox 387 2478 505 2543; x_wconf 84' lang='lat' dir='ltr'><strong>dicendi</strong></span> <span class='ocrx_word' id='word_1_188' title='bbox 521 2493 617 2543; x_wconf 84' lang='lat' dir='ltr'><strong>tamen</strong></span> <span class='ocrx_word' id='word_1_189' title='bbox 633 2478 803 2547; x_wconf 74' lang='lat' dir='ltr'><strong>facultatem</strong></span> <span class='ocrx_word' id='word_1_190' title='bbox 817 2479 913 2563; x_wconf 71' lang='lat' dir='ltr'><strong>magia</strong></span> <span class='ocrx_word' id='word_1_191' title='bbox 927 2480 967 2547; x_wconf 91' lang='lat' dir='ltr'><strong>illi</strong></span> <span class='ocrx_word' id='word_1_192' title='bbox 979 2481 1140 2551; x_wconf 68' lang='lat' dir='ltr'><strong>deltam-aa</strong></span> 
     </span>
     <span class='ocr_line' id='line_1_27' title="bbox 159 2557 1103 2643; baseline 0.012 -22"><span class='ocrx_word' id='word_1_193' title='bbox 159 2557 193 2636; x_wconf 77' lang='lat' dir='ltr'><strong>it,</strong></span> <span class='ocrx_word' id='word_1_194' title='bbox 210 2582 298 2642; x_wconf 81' lang='lat' dir='ltr'><strong>quum</strong></span> <span class='ocrx_word' id='word_1_195' title='bbox 315 2562 461 2641; x_wconf 80' lang='lat' dir='ltr'><strong>arrogavit</strong></span> <span class='ocrx_word' id='word_1_196' title='bbox 476 2562 530 2628; x_wconf 88' lang='lat' dir='ltr'><strong>sibi</strong></span> <span class='ocrx_word' id='word_1_197' title='bbox 549 2584 557 2627; x_wconf 78' lang='lat' dir='ltr'><strong>t</strong></span> <span class='ocrx_word' id='word_1_198' title='bbox 579 2582 665 2643; x_wconf 80' lang='lat' dir='ltr'><strong>reque</strong></span> <span class='ocrx_word' id='word_1_199' title='bbox 680 2584 742 2641; x_wconf 85' lang='lat' dir='ltr'><strong>non</strong></span> <span class='ocrx_word' id='word_1_200' title='bbox 756 2574 956 2643; x_wconf 70' lang='lat' dir='ltr'><strong>consecutum,</strong></span> <span class='ocrx_word' id='word_1_201' title='bbox 970 2566 1021 2630; x_wconf 80' lang='lat' dir='ltr'><strong>aeti</strong></span> <span class='ocrx_word' id='word_1_202' title='bbox 1036 2586 1103 2632; x_wconf 77' lang='lat' dir='ltr'><strong>etn-</strong></span> 
     </span>
     <span class='ocr_line' id='line_1_28' title="bbox 158 2642 1104 2732; baseline 0.008 -29"><span class='ocrx_word' id='word_1_203' title='bbox 158 2642 344 2721; x_wconf 80' lang='lat' dir='ltr'><strong>oioseeiree,</strong></span> <span class='ocrx_word' id='word_1_204' title='bbox 361 2654 394 2709; x_wconf 85' lang='lat' dir='ltr'><strong>nt</strong></span> <span class='ocrx_word' id='word_1_205' title='bbox 409 2656 507 2723; x_wconf 78' lang='lat' dir='ltr'><strong>perrel</strong></span> <span class='ocrx_word' id='word_1_206' title='bbox 525 2666 590 2711; x_wconf 84' lang='lat' dir='ltr'><strong>enm</strong></span> <span class='ocrx_word' id='word_1_207' title='bbox 606 2648 759 2728; x_wconf 70' lang='lat' dir='ltr'><strong>consequi,</strong></span> <span class='ocrx_word' id='word_1_208' title='bbox 776 2648 861 2713; x_wconf 86' lang='lat' dir='ltr'><strong>dixit.</strong></span> <span class='ocrx_word' id='word_1_209' title='bbox 908 2648 947 2716; x_wconf 81' lang='lat' dir='ltr'><strong>In</strong></span> <span class='ocrx_word' id='word_1_210' title='bbox 963 2650 1104 2732; x_wconf 68' lang='lat' dir='ltr'><strong>epistolis</strong></span> 
     </span>
     <span class='ocr_line' id='line_1_29' title="bbox 158 2724 1105 2813; baseline 0.019 -29"><span class='ocrx_word' id='word_1_211' title='bbox 158 2724 315 2805; x_wconf 82' lang='lat' dir='ltr'><strong>aliquando</strong></span> <span class='ocrx_word' id='word_1_212' title='bbox 331 2725 510 2791; x_wconf 77' lang='lat' dir='ltr'><strong>familiariter</strong></span> <span class='ocrx_word' id='word_1_213' title='bbox 525 2731 605 2812; x_wconf 84' lang='lat' dir='ltr'><strong>apud</strong></span> <span class='ocrx_word' id='word_1_214' title='bbox 626 2731 751 2804; x_wconf 79' lang='lat' dir='ltr'><strong>amieos,</strong></span> <span class='ocrx_word' id='word_1_215' title='bbox 768 2752 976 2813; x_wconf 87' lang='lat' dir='ltr'><strong>nonnunquam</strong></span> <span class='ocrx_word' id='word_1_216' title='bbox 990 2734 1021 2801; x_wconf 88' lang='lat' dir='ltr'><strong>in</strong></span> <span class='ocrx_word' id='word_1_217' title='bbox 1036 2734 1105 2801; x_wconf 76' lang='lat' dir='ltr'><strong>dia·-</strong></span> 
     </span>
     <span class='ocr_line' id='line_1_30' title="bbox 157 2808 1105 2955; baseline 0.019 -85"><span class='ocrx_word' id='word_1_218' title='bbox 157 2808 244 2955; x_wconf 53' lang='lat' dir='ltr'><strong>lingis,</strong></span> <span class='ocrx_word' id='word_1_219' title='bbox 268 2809 362 2877; x_wconf 82' lang='lat' dir='ltr'><strong>aliena</strong></span> <span class='ocrx_word' id='word_1_220' title='bbox 385 2824 484 2877; x_wconf 86' lang='lat' dir='ltr'><strong>tamen</strong></span> <span class='ocrx_word' id='word_1_221' title='bbox 507 2834 644 2894; x_wconf 84' lang='lat' dir='ltr'><strong>persona,</strong></span> <span class='ocrx_word' id='word_1_222' title='bbox 663 2836 767 2879; x_wconf 86' lang='lat' dir='ltr'><strong>verum</strong></span> <span class='ocrx_word' id='word_1_223' title='bbox 788 2814 828 2878; x_wconf 85' lang='lat' dir='ltr'><strong>de</strong></span> <span class='ocrx_word' id='word_1_224' title='bbox 850 2815 1018 2895; x_wconf 84' lang='lat' dir='ltr'><strong>eloquentie</strong></span> <span class='ocrx_word' id='word_1_225' title='bbox 1046 2840 1105 2887; x_wconf 65' lang='lat' dir='ltr'><strong>aua</strong></span> 
     </span>
     <span class='ocr_line' id='line_1_31' title="bbox 179 2906 1139 2974; baseline 0.022 -21"><span class='ocrx_word' id='word_1_226' title='bbox 179 2906 239 2954; x_wconf 84' lang='lat' dir='ltr'><strong>rctt.</strong></span> <span class='ocrx_word' id='word_1_227' title='bbox 1109 2926 1139 2974; x_wconf 62' lang='lat' dir='ltr'>u</span> 
     </span>
     <span class='ocr_line' id='line_1_32' title="bbox 199 2976 1099 3075; baseline 0.006 -31"><span class='ocrx_word' id='word_1_228' title='bbox 199 2976 242 3045; x_wconf 84' lang='lat' dir='ltr'><strong>Et</strong></span> <span class='ocrx_word' id='word_1_229' title='bbox 260 2991 363 3060; x_wconf 83' lang='lat' dir='ltr'><strong>aperte</strong></span> <span class='ocrx_word' id='word_1_230' title='bbox 383 2992 480 3041; x_wconf 74' lang='lat' dir='ltr'><strong>tannen</strong></span> <span class='ocrx_word' id='word_1_231' title='bbox 498 2980 627 3065; x_wconf 77' lang='lat' dir='ltr'><strong>gloriari,</strong></span> <span class='ocrx_word' id='word_1_232' title='bbox 644 2979 750 3045; x_wconf 88' lang='lat' dir='ltr'><strong>neseio</strong></span> <span class='ocrx_word' id='word_1_233' title='bbox 767 3002 804 3047; x_wconf 87' lang='lat' dir='ltr'><strong>an</strong></span> <span class='ocrx_word' id='word_1_234' title='bbox 823 2980 862 3049; x_wconf 81' lang='lat' dir='ltr'><strong>sit</strong></span> <span class='ocrx_word' id='word_1_235' title='bbox 879 2981 970 3075; x_wconf 66' lang='lat' dir='ltr'><strong>megia</strong></span> <span class='ocrx_word' id='word_1_236' title='bbox 986 2983 1099 3050; x_wconf 87' lang='lat' dir='ltr'><strong>tolera·</strong></span> 
     </span>
     <span class='ocr_line' id='line_1_33' title="bbox 156 3063 1120 3161; baseline 0.008 -31"><span class='ocrx_word' id='word_1_237' title='bbox 156 3064 215 3131; x_wconf 86' lang='lat' dir='ltr'><strong>bile</strong></span> <span class='ocrx_word' id='word_1_238' title='bbox 231 3064 279 3127; x_wconf 80' lang='lat' dir='ltr'><strong>vel</strong></span> <span class='ocrx_word' id='word_1_239' title='bbox 295 3063 357 3147; x_wconf 87' lang='lat' dir='ltr'><strong>ipsa</strong></span> <span class='ocrx_word' id='word_1_240' title='bbox 374 3064 435 3127; x_wconf 87' lang='lat' dir='ltr'><strong>vitii</strong></span> <span class='ocrx_word' id='word_1_241' title='bbox 452 3065 536 3151; x_wconf 83' lang='lat' dir='ltr'><strong>hujus</strong></span> <span class='ocrx_word' id='word_1_242' title='bbox 553 3066 744 3153; x_wconf 85' lang='lat' dir='ltr'><strong>simplicitate</strong></span> <span class='ocrx_word' id='word_1_243' title='bbox 759 3088 769 3144; x_wconf 78' lang='lat'>3</span> <span class='ocrx_word' id='word_1_244' title='bbox 791 3088 879 3150; x_wconf 80' lang='lat' dir='ltr'><strong>quem</strong></span> <span class='ocrx_word' id='word_1_245' title='bbox 895 3068 944 3132; x_wconf 88' lang='lat' dir='ltr'><strong>illa</strong></span> <span class='ocrx_word' id='word_1_246' title='bbox 959 3067 1120 3161; x_wconf 43' lang='lat' dir='ltr'><strong>injneteffi</strong></span> 
     </span>
     <span class='ocr_line' id='line_1_34' title="bbox 156 3150 1099 3237; baseline 0.015 -26"><span class='ocrx_word' id='word_1_247' title='bbox 156 3150 236 3215; x_wconf 79' lang='lat' dir='ltr'><strong>tinne</strong></span> <span class='ocrx_word' id='word_1_248' title='bbox 253 3170 405 3232; x_wconf 84' lang='lat' dir='ltr'><strong>perversa,</strong></span> <span class='ocrx_word' id='word_1_249' title='bbox 423 3152 447 3213; x_wconf 87' lang='lat' dir='ltr'><strong>si</strong></span> <span class='ocrx_word' id='word_1_250' title='bbox 464 3153 614 3215; x_wconf 84' lang='lat' dir='ltr'><strong>abundans</strong></span> <span class='ocrx_word' id='word_1_251' title='bbox 631 3152 738 3235; x_wconf 81' lang='lat' dir='ltr'><strong>opibus</strong></span> <span class='ocrx_word' id='word_1_252' title='bbox 754 3174 916 3237; x_wconf 75' lang='lat' dir='ltr'><strong>pauperem</strong></span> <span class='ocrx_word' id='word_1_253' title='bbox 932 3176 977 3231; x_wconf 84' lang='lat' dir='ltr'><strong>se,</strong></span> <span class='ocrx_word' id='word_1_254' title='bbox 989 3156 1099 3225; x_wconf 83' lang='lat' dir='ltr'><strong>nobilia</strong></span> 
     </span>
     <span class='ocr_line' id='line_1_35' title="bbox 156 3232 1096 3323; baseline 0.017 -30"><span class='ocrx_word' id='word_1_255' title='bbox 156 3232 326 3307; x_wconf 83' lang='lat' dir='ltr'><strong>obscurum,</strong></span> <span class='ocrx_word' id='word_1_256' title='bbox 348 3250 377 3295; x_wconf 87' lang='lat' dir='ltr'><strong>et</strong></span> <span class='ocrx_word' id='word_1_257' title='bbox 407 3252 513 3317; x_wconf 85' lang='lat' dir='ltr'><strong>potens</strong></span> <span class='ocrx_word' id='word_1_258' title='bbox 538 3236 697 3313; x_wconf 85' lang='lat' dir='ltr'><strong>infirmum,</strong></span> <span class='ocrx_word' id='word_1_259' title='bbox 720 3253 750 3301; x_wconf 87' lang='lat' dir='ltr'><strong>et</strong></span> <span class='ocrx_word' id='word_1_260' title='bbox 776 3239 903 3303; x_wconf 85' lang='lat' dir='ltr'><strong>disertus</strong></span> <span class='ocrx_word' id='word_1_261' title='bbox 927 3240 1096 3323; x_wconf 80' lang='lat' dir='ltr'><strong>imperitum</strong></span> 
     </span>
     <span class='ocr_line' id='line_1_36' title="bbox 154 3314 1132 3408; baseline 0.021 -33"><span class='ocrx_word' id='word_1_262' title='bbox 154 3314 242 3397; x_wconf 71' lang='lat' dir='ltr'><strong>plane</strong></span> <span class='ocrx_word' id='word_1_263' title='bbox 258 3330 288 3377; x_wconf 90' lang='lat' dir='ltr'><strong>et</strong></span> <span class='ocrx_word' id='word_1_264' title='bbox 306 3316 446 3381; x_wconf 79' lang='lat' dir='ltr'><strong>infantem</strong></span> <span class='ocrx_word' id='word_1_265' title='bbox 462 3335 561 3383; x_wconf 89' lang='lat' dir='ltr'><strong>vocet.</strong></span> <span class='ocrx_word' id='word_1_266' title='bbox 611 3321 815 3390; x_wconf 69' lang='lat' dir='ltr'><strong>Ambitiosnm,</strong></span> <span class='ocrx_word' id='word_1_267' title='bbox 837 3325 980 3406; x_wconf 78' lang='lat' dir='ltr'><strong>gloriandi</strong></span> <span class='ocrx_word' id='word_1_268' title='bbox 1002 3347 1132 3408; x_wconf 55' lang='lat' dir='ltr'><strong>genuen</strong></span> 
     </span>
     <span class='ocr_line' id='line_1_37' title="bbox 155 3398 1096 3492; baseline 0.016 -28"><span class='ocrx_word' id='word_1_269' title='bbox 155 3413 211 3475; x_wconf 81' lang='lat' dir='ltr'><strong>eat,</strong></span> <span class='ocrx_word' id='word_1_270' title='bbox 230 3398 317 3463; x_wconf 87' lang='lat' dir='ltr'><strong>etiam</strong></span> <span class='ocrx_word' id='word_1_271' title='bbox 342 3402 488 3467; x_wconf 86' lang='lat' dir='ltr'><strong>deridere.</strong></span> <span class='ocrx_word' id='word_1_272' title='bbox 540 3406 591 3469; x_wconf 93' lang='lat' dir='ltr'><strong>Ab</strong></span> <span class='ocrx_word' id='word_1_273' title='bbox 616 3408 679 3471; x_wconf 85' lang='lat' dir='ltr'><strong>aliis</strong></span> <span class='ocrx_word' id='word_1_274' title='bbox 706 3431 779 3492; x_wconf 85' lang='lat' dir='ltr'><strong>ergo</strong></span> <span class='ocrx_word' id='word_1_275' title='bbox 807 3410 969 3475; x_wconf 85' lang='lat' dir='ltr'><strong>laudemur.</strong></span> <span class='ocrx_word' id='word_1_276' title='bbox 1015 3410 1096 3478; x_wconf 76' lang='lat' dir='ltr'><strong>Nan</strong></span> 
     </span>
    </p>
   </div>
   <div class='ocr_carea' id='block_1_3' title="bbox 154 3484 1094 3671">
    <p class='ocr_par' dir='ltr' id='par_1_3' title="bbox 154 3484 1094 3671">
     <span class='ocr_line' id='line_1_38' title="bbox 154 3484 1094 3571; baseline 0.016 -22"><span class='ocrx_word' id='word_1_277' title='bbox 154 3484 249 3567; x_wconf 78' lang='lat' dir='ltr'><strong>ipsos,</strong></span> <span class='ocrx_word' id='word_1_278' title='bbox 267 3498 298 3547; x_wconf 89' lang='lat' dir='ltr'><strong>ut</strong></span> <span class='ocrx_word' id='word_1_279' title='bbox 328 3485 553 3553; x_wconf 86' lang='lat' dir='ltr'><strong>Demosthenes</strong></span> <span class='ocrx_word' id='word_1_280' title='bbox 578 3493 629 3571; x_wconf 86' lang='lat' dir='ltr'><strong>eit,</strong></span> <span class='ocrx_word' id='word_1_281' title='bbox 651 3494 831 3571; x_wconf 70' lang='lat' dir='ltr'><strong>mernere,</strong></span> <span class='ocrx_word' id='word_1_282' title='bbox 847 3495 937 3563; x_wconf 75' lang='lat' dir='ltr'><strong>niem</strong></span> <span class='ocrx_word' id='word_1_283' title='bbox 962 3518 1030 3563; x_wconf 84' lang='lat' dir='ltr'><strong>etnn</strong></span> <span class='ocrx_word' id='word_1_284' title='bbox 1054 3495 1094 3563; x_wconf 71' lang='lat' dir='ltr'><strong>alt</strong></span> 
     </span>
     <span class='ocr_line' id='line_1_39' title="bbox 154 3570 558 3671; baseline 0.012 -38"><span class='ocrx_word' id='word_1_285' title='bbox 154 3570 227 3671; x_wconf 62' lang='lat' dir='ltr'><strong>ellit</strong></span> <span class='ocrx_word' id='word_1_286' title='bbox 243 3571 558 3651; x_wconf 61' lang='lat' dir='ltr'><strong>letttluln&#39;mnwlecet.</strong></span> 
     </span>
    </p>
   </div>
   <div class='ocr_carea' id='block_1_4' title="bbox 0 0 1234 4200">
    <p class='ocr_par' dir='ltr' id='par_1_4' title="bbox 0 0 1234 4200">
     <span class='ocr_line' id='line_1_40' title="bbox 0 0 1234 4200; baseline 0 2"><span class='ocrx_word' id='word_1_287' title='bbox 0 0 1234 4200; x_wconf 95' lang='lat' dir='ltr'><strong> </strong></span> 
     </span>
    </p>
   </div>
  </div>
 </body>
</html>
