2459 4200
360 273 514 318 ramora
532 273 681 326 ousnarr
699 276 837 320 cartre.
1021 268 1081 329 121

139 420 197 484 bna
211 420 344 486 utilitatis
361 423 471 508 aliquid
489 445 496 486 :
520 425 574 488 sed
593 427 632 490 ad
648 425 715 490 illos
732 425 798 512 jam
815 427 958 512 perlectis
972 433 1084 498 consti·

140 507 271 590 tutisque
288 507 398 572 viribus
413 525 621 574 revertemur:
643 514 725 594 quod
747 513 777 576 in
798 515 903 578 coenis
925 517 1085 600 glandibus

138 612 232 674 saepe
257 591 395 671 facimus,
413 609 456 671 ut,
473 616 542 658 curn
565 597 685 679 optimis
707 598 805 662 satiati
826 621 941 678 snmus,
957 601 1084 668 varietas

139 691 242 740 tumen
257 678 343 740 uobis
359 701 400 742 ex
416 680 568 744 vilioribus
582 698 665 763 grata
680 682 730 746 sit.

116 755 133 795 ⁵
188 761 279 826 Tunc
308 778 338 826 et
365 764 490 847 elegiam
517 767 636 829 vacabit
665 766 695 829 iu
725 789 827 832 manus
850 790 982 847 sumere,
998 770 1084 855 cujus

140 848 283 931 princeps
307 849 432 912 habetur
458 849 694 914 Collimuclrar:
723 854 871 917 secundas
893 853 1084 920 consessione

139 933 334 1016 plurimorum
352 935 489 996 Philoton
504 937 676 1018 occupavit.
724 938 790 1002 Sed
810 939 882 1002 dum
900 941 1085 1022 assequimur

139 1017 221 1080 illam
237 1019 363 1095 firmam,
381 1035 411 1082 ut
427 1019 501 1097 dixi,
518 1019 702 1099 facilitatem,
715 1023 835 1106 optimis
850 1026 1083 1088 assuescendum

140 1116 186 1165 est
202 1124 211 1163 r
234 1117 266 1166 et
281 1105 372 1168 multa
388 1105 480 1187 magis
495 1127 585 1188 quam
607 1108 766 1171 multorum
780 1109 911 1174 lectione
926 1109 1080 1174 formanda

104 1207 225 1250 inruens
241 1203 273 1251 et
288 1189 442 1252 ducendus
459 1191 553 1252 color.

184 1271 292 1356 ltaque
308 1296 347 1338 ex
363 1275 454 1338 tribus
470 1276 600 1358 receptis
618 1275 787 1338 Aristarchi
798 1275 915 1359 judicio
929 1277 1081 1360 scriptori·

139 1358 195 1420 bus
212 1358 390 1437 iamborum,
404 1361 440 1422 ad
457 1365 515 1428 ἕξιν
532 1361 663 1424 maxime
678 1360 835 1442 pertinebit
850 1383 924 1424 unus
939 1360 1082 1424 Archilo-

141 1444 224 1506 clror.
273 1443 399 1508 Summa
415 1446 444 1508 iu
460 1446 518 1509 hoc
535 1446 580 1510 vis
595 1445 784 1521 elocutionis,
796 1468 867 1510 cunt
881 1447 1008 1523 validae,
1020 1459 1083 1510 turn

140 1529 247 1592 breves
268 1529 475 1613 vibrantesque
497 1532 673 1609 sententiae,
691 1532 847 1615 plurimum
869 1533 1016 1615 sanguinis
1038 1547 1081 1598 at·

105 1633 199 1696 nsque
221 1636 392 1692 nervorum,
409 1617 486 1680 adeo
508 1632 540 1680 ut
558 1617 693 1680 videatur
706 1618 894 1700 quibusdam,
910 1620 991 1701 quod
1005 1640 1079 1702 quo-

140 1719 229 1783 quam
244 1700 340 1763 minor
355 1716 413 1778 est,
430 1703 571 1766 materiae
587 1724 668 1778 esse,
685 1724 745 1765 non
760 1703 869 1785 ingenii
886 1702 1000 1764 viritim.

184 1783 305 1848 Novem
327 1807 399 1848 vero
426 1786 608 1870 Lyricorum
633 1787 720 1868 longe
744 1788 904 1849 Pindarus
928 1787 1079 1868 princeps,

141 1869 262 1952 spiritus
285 1871 513 1953 magnificentia,
531 1872 698 1949 sententiis,
715 1871 826 1952 figuris,
843 1869 1013 1932 beatissima
1034 1891 1081 1934 re·

141 1975 208 2016 rum
224 1955 438 2040 verborumque
456 1957 556 2040 copia,
573 1957 655 2019 velut
670 1957 800 2040 quodam
822 1954 1009 2038 eloquentiae
1025 1955 1080 2020 llu-

104 2039 245 2104 romine:
269 2055 391 2125 propter
406 2064 481 2127 quaa
503 2041 650 2107 Horatius
665 2064 734 2107 eum
754 2041 862 2106 merito
877 2041 1006 2107 credidit
1027 2062 1079 2107 ne·

141 2126 212 2188 mini
228 2126 411 2191 imitabilem.

189 2212 402 2291 Stesichorum,
416 2235 505 2297 quarn
521 2213 559 2277 sit
574 2213 691 2294 ingenio
706 2214 832 2288 validus,
849 2213 991 2275 materiae
1006 2233 1083 2293 quo<

142 2316 200 2379 que
224 2298 394 2375 ostendunt,
411 2298 541 2361 maxima
566 2298 642 2359 bella
666 2311 697 2357 et
719 2296 901 2358 clarissimos
926 2309 1083 2358 canentem

142 2382 248 2459 duces,
265 2398 296 2445 et
310 2384 389 2467 epici
405 2383 542 2447 carminis
558 2403 649 2444 onera
663 2381 728 2463 lyra
743 2380 948 2443 sustinentem.
994 2377 1081 2442 Red-

105 2466 185 2529 nsdit
200 2468 280 2529 anim
294 2470 430 2551 personis
447 2469 475 2531 in
491 2468 606 2551 agendo
622 2465 708 2529 simul
725 2466 935 2549 loquendoque
951 2463 1083 2527 debitam

143 2552 339 2634 dignitatem:
370 2576 418 2633 ac,
437 2554 460 2617 si
484 2553 627 2616 tenuisset
650 2552 784 2627 modum,
801 2550 919 2614 videtur
941 2548 1083 2613 aemulari

142 2638 294 2719 proximus
314 2638 485 2703 Homerum
504 2639 661 2722 potuisse:
685 2638 741 2701 sed
760 2638 918 2714 redundat,
934 2649 1024 2718 atque
1038 2632 1082 2697 el·

142 2720 294 2820 funditur:
317 2726 398 2809 quod
421 2739 452 2788 ut
474 2738 520 2787 est
541 2724 831 2808 reprehendendum,
847 2722 889 2787 ita
914 2721 1023 2806 copiae
1038 2721 1081 2784 vi·

142 2822 215 2869 ilum
229 2824 286 2871 est.

107 2910 134 2953 ao
185 2892 317 2958 ulcorra
331 2895 360 2957 in
376 2910 459 2979 parte
475 2895 574 2977 operis
590 2915 682 2958 nureo
694 2896 810 2977 plectro
825 2894 932 2956 merito
944 2894 1082 2970 donatur,

142 2998 198 3061 qua
215 2993 355 3061 tyrannos
371 2981 532 3045 insectatus
549 2980 671 3042 multum
686 2980 776 3041 etiam
792 2978 924 3040 moribus
940 2975 1059 3037 confert
1074 2997 1082 3036 ε

142 3061 171 3125 in
191 3064 359 3146 eloquendo
399 3084 498 3145 unque
520 3064 619 3124 brevis
642 3076 673 3122 et
694 3060 882 3140 magnificus,
899 3071 930 3117 et
943 3057 1083 3135 diligens,

142 3162 171 3213 et
186 3149 361 3230 plerumque
377 3086 518 3209 llomero
539 3145 666 3207 similis:
690 3144 746 3204 sed
765 3142 795 3203 in
814 3141 897 3203 lusus
917 3153 949 3201 et
965 3159 1084 3204 amores

142 3230 310 3307 descendit,
329 3230 489 3315 majoribus
505 3244 604 3293 tamen
619 3227 727 3311 aptior.
1076 3251 1080 3257 ·

109 3336 135 3379 aa
189 3316 372 3392 Simonides,
391 3314 486 3379 tenuis
502 3314 624 3398 alioqui,
640 3334 778 3377 sermone
794 3310 915 3396 proprio
930 3325 962 3373 et
974 3309 1084 3395 jucun·

143 3404 234 3467 ditate
260 3404 388 3486 quadam
415 3399 621 3464 commendari
643 3413 765 3483 potest:
796 3398 958 3483 praecipua
983 3413 1083 3462 tamen

143 3488 207 3573 ejus
230 3488 258 3551 in
281 3489 501 3553 commovenda
524 3486 715 3549 miseratione
738 3486 841 3561 virtus,
858 3498 890 3548 ut
911 3484 1031 3567 qnidam
1052 3484 1084 3545 in

143 3574 200 3637 hac
210 3596 279 3637 eum
291 3590 375 3660 parte
387 3573 523 3719 oqqribus
537 3570 601 3658 ejus
613 3572 713 3656 operis
725 3571 895 3636 auctoribus
906 3566 1080 3653 praeferant.
