2459 4200
356 320 509 363 snuaora
526 320 675 373 ouunau
693 320 828 367 caetra.
1011 308 1077 368 233

131 486 250 556 praeter
273 492 308 535 ea
330 492 405 554 quae
427 472 465 535 de
488 471 657 556 eloquentia
679 474 878 552 tradebantur,
896 474 1074 560 adjicerim:

131 557 241 640 quique
265 557 340 619 haec
363 558 447 641 operi
476 572 578 620 nostro
602 559 769 621 necessaria
792 581 860 621 esse
883 561 1074 638 crediderint,

131 640 214 704 velut
236 662 350 704 moram
371 643 413 705 rei
437 644 677 726 perhorrescant,
695 657 725 706 et
747 644 907 727 desperent
930 661 998 710 ante
1023 668 1075 709 ex·

130 743 339 810 perimentum.
587 793 590 798 ,

109 826 123 865 ⁵
175 811 238 883 Qui
254 812 381 895 primum
398 812 571 875 rentiucient
592 814 659 888 sibi,
677 828 785 897 quanta
802 814 839 879 sit
858 814 976 877 humani
992 816 1073 899 iuge·

130 897 171 959 nii
187 898 244 974 vis,
262 918 349 981 quarn
372 911 479 981 potens
501 898 648 961 efficiendi
672 920 748 980 quae
772 900 864 962 velit:
888 922 958 962 cum
985 901 1075 963 maria
1168 924 1173 929 ·

130 983 267 1059 transire,
286 982 415 1045 siderum
435 1005 538 1047 cursus
558 1006 757 1068 numerosque
778 1006 973 1068 cognoscere,
992 1008 1075 1049 muo-

131 1068 201 1129 dum
224 1067 321 1151 ipsum
340 1089 436 1151 paene
453 1067 591 1146 dimetiri,
611 1070 740 1132 minores
761 1071 815 1132 sed
832 1070 1013 1134 difficiliores
1029 1093 1074 1134 ar·

130 1168 177 1215 tes
208 1152 367 1236 potuerint.
416 1152 499 1215 Tum
530 1155 673 1237 cogitent,
698 1170 835 1237 quantam
865 1178 928 1219 rem
960 1171 1073 1239 petant,

98 1254 123 1294 ro
131 1258 279 1322 quamque
298 1238 393 1301 nullus
414 1238 451 1301 sit
472 1239 530 1301 hoc
551 1240 708 1322 proposito
731 1240 863 1322 praemio
884 1241 968 1302 labor
988 1262 1074 1303 recu·

130 1324 252 1386 sendus.
299 1322 394 1393 Quod
410 1322 434 1386 si
450 1339 550 1386 mente
566 1324 772 1407 conceperint,
790 1324 859 1386 huic
875 1346 993 1407 quoque
1009 1346 1075 1409 par·

129 1409 151 1471 ti
168 1407 282 1471 facilius
299 1406 456 1487 accedent,
474 1424 505 1471 ut
520 1409 616 1491 ipsum
632 1409 688 1472 iter
703 1430 800 1492 neque
816 1408 1004 1493 impervium,
1022 1432 1073 1473 ne·

130 1516 189 1577 que
206 1494 310 1557 saltem
327 1495 430 1557 durum
448 1508 560 1578 putent.

174 1578 253 1641 Nam
270 1580 311 1657 id,
330 1580 409 1663 quod
425 1580 517 1664 prius,
536 1580 676 1665 quodque
698 1577 792 1663 majus
809 1595 866 1656 est,
884 1593 915 1641 ut
935 1581 1005 1643 boni
1020 1581 1074 1645 viri

98 1664 235 1741 ttsimus,
253 1666 403 1728 voluntate
427 1666 556 1728 maxime
580 1678 720 1726 constat:
744 1686 831 1746 quam
852 1665 902 1747 qui
923 1687 995 1727 vera
1014 1667 1074 1728 fide

131 1749 270 1828 induerit,
287 1749 375 1813 sacile
392 1752 524 1826 easdem,
542 1770 618 1830 quae
635 1749 772 1810 virtutem
790 1749 912 1824 docent,
929 1763 1007 1811 artes
1022 1771 1074 1811 ac-

130 1834 233 1919 cipiet.
281 1833 481 1919 Nequeenim
504 1845 553 1893 aut
573 1846 633 1893 tam
656 1832 812 1915 perplexa,
830 1847 881 1894 aut
894 1846 954 1894 tam
970 1855 1073 1897 nume·

129 1942 199 1983 rosa
221 1935 288 1983 sunt
309 1941 385 2003 quae
411 1930 559 2001 premunt,
577 1931 608 1978 ut
638 1937 697 1977 non
723 1937 888 1999 paucorum
912 1918 1073 1984 admodum

1 2074 3 2089 ⁸
130 2026 274 2068 annorum
289 2003 449 2067 intentione
463 2001 621 2064 discantur.
663 2000 802 2085 Longam
818 2002 897 2065 enim
912 2002 985 2066 lacit
1000 2026 1072 2089 ope·

96 2109 205 2169 eoram,
224 2091 303 2175 quod
326 2109 547 2172 repugnamus:
571 2086 671 2151 brevis
692 2103 739 2151 est
762 2087 904 2153 institutio
923 2089 1001 2154 ritae
1019 2091 1072 2154 ho·

128 2191 232 2240 nostae
248 2176 424 2257 beataeque,
437 2173 461 2236 si
478 2174 593 2236 credas.
642 2173 756 2237 Natura
771 2175 850 2237 euim
865 2196 920 2237 nos
936 2176 974 2237 ad
989 2198 1073 2239 meo·

129 2277 190 2322 tem
207 2259 350 2343 optimum
367 2259 492 2342 genuit:
516 2259 653 2340 adeoque
669 2258 787 2320 discere
807 2259 931 2321 meliora
947 2260 1073 2323 volenti·

128 2345 184 2407 bus
200 2358 371 2428 promptum
388 2357 444 2420 est,
462 2356 494 2405 ut
509 2364 580 2404 vere
596 2343 718 2406 intuenti
734 2343 840 2404 mirum
862 2343 898 2405 sit
916 2343 987 2406 illud
1009 2365 1072 2407 me·

129 2430 185 2513 gis,
203 2430 298 2492 malos
315 2451 382 2491 esse
397 2443 456 2490 tam
479 2427 597 2490 multos.
645 2427 725 2490 Nam
742 2441 772 2489 ut
787 2449 863 2511 aqua
877 2428 1023 2512 piscibus,
1041 2443 1073 2492 ut

95 2515 211 2578 msicea
226 2514 359 2589 terrenis,
372 2511 567 2575 circumfusus
583 2513 669 2575 nobis
685 2512 804 2596 spiritus
817 2511 987 2577 volucribus
1000 2536 1072 2576 con·

128 2600 235 2663 venit:
259 2599 299 2660 ita
314 2612 396 2661 certe
412 2597 526 2660 sacilius
543 2619 610 2660 esse
626 2599 794 2683 oportebat,
810 2600 975 2662 secundum
989 2614 1072 2663 natu·

128 2705 204 2760 ram,
222 2704 310 2766 quam
327 2697 431 2746 contra
446 2705 513 2745 eam
527 2683 641 2746 vivere.

172 2767 286 2831 Cetera
301 2790 386 2848 vero,
405 2769 519 2832 etiamsi
540 2784 667 2834 aetatem
687 2785 818 2834 nostram
837 2792 896 2834 uon
912 2772 1010 2856 spatio
1025 2795 1072 2837 se·

112 2855 269 2933 nectutis,
287 2856 341 2920 sed
367 2870 503 2940 tempore
527 2856 747 2920 adolescentiae
770 2857 937 2934 metiamur,
955 2859 1073 2922 abunde

96 2941 238 3003 umultos
255 2942 293 3004 ud
310 2941 484 3004 discendum
501 2964 594 3004 annos
616 2944 737 3004 babent.
785 2942 895 3003 Omnia
911 2942 989 3002 enirn
1006 2944 1072 3004 bre·

129 3026 212 3088 viora
230 3026 335 3087 reddet
353 3027 439 3100 ordo,
458 3038 487 3086 et
508 3025 594 3100 ratic,
613 3041 643 3086 et
665 3026 783 3086 modus.
834 3024 899 3087 Sed
920 3024 1009 3105 culpa
1027 3040 1073 3088 est

129 3111 159 3172 in
182 3109 424 3191 praeceptoribus
446 3108 552 3190 prima,
571 3109 620 3190 qui
641 3107 766 3170 libenter
782 3107 913 3170 detinent
928 3128 1003 3190 quos
1019 3130 1071 3172 oo·

130 3208 325 3278 cupaverunt,
338 3193 442 3277 partim
460 3193 621 3276 cupiditate
637 3192 743 3255 diutius
760 3192 899 3274 exigendi
915 3193 1071 3257 mercedu-

129 3273 186 3357 les,
204 3279 310 3362 partim
333 3278 506 3356 ambitione,
524 3299 583 3361 quo
600 3277 748 3340 difficilius
767 3277 805 3341 sit
825 3279 905 3361 quod
928 3278 1072 3362 pollicen-

98 3380 189 3442 mtur,
213 3365 319 3449 partim
346 3363 434 3426 etiam
461 3363 616 3426 inscientia
643 3363 790 3441 tradendi,
808 3364 856 3426 vel
881 3364 1068 3448 negligentia.

133 3450 277 3514 Proxima
290 3450 318 3512 in
334 3448 432 3527 nobis,
443 3449 493 3532 qui
510 3449 618 3511 morari
634 3449 663 3511 in
679 3450 809 3532 eoquod
824 3450 971 3526 novimus,
984 3471 1072 3532 quam

133 3537 249 3599 discere
265 3557 341 3621 quae
357 3535 486 3598 nondum
503 3534 626 3611 scimus,
644 3534 748 3597 melius
764 3550 910 3618 putamus.

176 3621 254 3684 Nam
270 3636 302 3684 ut
317 3623 354 3684 de
371 3619 478 3684 nostris
493 3619 679 3702 potissimum
695 3621 799 3684 studiis
815 3621 924 3695 dicam,
942 3616 1012 3714 quid
1028 3630 1071 3680 at-

133 3709 206 3772 tinet
228 3722 289 3772 tam
310 3705 525 3855 multis2ppniu
543 3727 631 3791 quem
656 3706 684 3772 iu
707 3727 791 3770 more
812 3718 858 3768 est
879 3703 1072 3788 plurimorum
