2459 4200
156 288 224 354 280
449 304 487 347 rr.
508 304 602 347 raatt
620 300 843 354 cucurrerant

158 456 268 523 oratori
283 470 314 519 et
331 454 515 519 auctoritatis
533 469 565 519 et
582 454 653 517 fidei
671 454 769 529 affert,
784 450 945 529 modestia,
961 452 987 514 si
1002 474 1019 515 a
1036 454 1103 517 viru

157 543 237 605 bono
256 542 284 603 in
303 542 437 605 rabulam
456 541 689 624 latratoremque
703 537 899 614 convertitur,
915 540 1102 622 compositus

157 648 216 691 unu
231 628 270 690 ad
285 627 414 689 animum
425 624 550 711 judicis,
568 626 623 689 sed
638 626 676 689 ad
691 623 879 689 stomachum
893 623 1055 705 litigatoris.

201 710 389 797 Frequenter
411 712 501 775 etiam
524 710 644 795 species
666 708 807 773 libertatis
826 708 979 772 deducere
998 710 1038 772 ad
1057 723 1103 773 te·

159 796 324 863 meritatem
355 797 443 875 solet,
466 818 524 859 noa
548 796 647 859 causis
671 796 773 870 modo,
795 794 849 857 sed
874 792 947 876 ipsis
969 816 1130 878 quoque,s

158 881 209 967 qui
225 882 374 959 dixerunt,
394 882 603 966 periculosam.
651 879 719 943 Nec
735 878 884 943 immerito
900 877 1040 943 Pericles
1054 902 1103 943 so·

159 968 240 1031 lebat
260 982 376 1052 optare,
394 988 431 1029 nc
452 966 533 1051 quod
555 965 612 1029 sibi
630 965 754 1027 verbum
777 965 806 1027 in
828 977 961 1025 mentem
975 965 1101 1044 reniret,

158 1073 218 1137 quo
234 1053 361 1137 populus
376 1052 588 1115 offenderetur.
637 1050 704 1114 Sed
718 1050 801 1132 quud
815 1048 866 1111 ille
880 1049 920 1110 de
934 1049 1057 1132 populo,
1069 1050 1103 1113 id

198 1138 271 1201 oda
291 1136 428 1201 omnibus
449 1136 557 1213 sentio,
575 1135 626 1220 qui
645 1135 817 1199 tantundem
835 1148 961 1216 possunt
979 1155 1101 1198 nouere.

191 1244 240 1287 am
255 1244 331 1309 quae
345 1221 442 1299 sortia,
460 1224 531 1285 dum
546 1222 695 1299 dicuntur,
713 1220 899 1296 videbantur,
916 1219 1017 1297 stultu,
1034 1238 1141 1285 cunita
1229 1278 1230 1287 ,

160 1309 322 1387 laeserunt,
339 1323 493 1373 vocantur.

204 1394 293 1459 Nunc
309 1395 377 1479 quia
394 1394 507 1458 varium
528 1390 589 1456 sere
612 1391 800 1476 propositum
822 1390 971 1473 agentium
991 1388 1058 1469 suit,
1074 1406 1107 1455 et

161 1480 346 1562 quorundam
368 1500 438 1543 cura
459 1478 616 1555 tarditatis,
634 1478 820 1561 quorundam
838 1475 962 1539 facilitas
983 1478 1106 1539 temeri·

161 1563 228 1625 tatis
244 1564 368 1627 crimine
386 1562 555 1626 laboravit:
578 1584 669 1646 quem
685 1564 807 1625 credam
827 1560 892 1625 lore
914 1561 943 1624 iu
962 1562 1022 1625 buc
1038 1582 1106 1626 ora·

161 1646 233 1711 turis
249 1648 383 1722 modurn,
399 1649 516 1709 tradere
532 1669 590 1708 non
607 1648 735 1709 alienum
751 1647 880 1710 videtur.
1115 1668 1142 1709 ts

206 1731 326 1795 Afferet
349 1731 388 1793 ad
410 1729 569 1793 dicendum
592 1752 683 1793 curae
705 1752 826 1814 semper
847 1746 988 1816 quantum
1014 1732 1105 1815 pluri-

162 1840 243 1882 mum
259 1816 377 1901 poterit.
425 1815 532 1899 Neque
551 1816 630 1879 enim
648 1815 707 1879 boc
728 1817 825 1879 solum
845 1816 1032 1901 negligentis,
1047 1818 1107 1881 sed

162 1903 243 1979 mali,
255 1919 289 1965 ct
300 1904 329 1964 io
345 1916 486 1985 suscepta
501 1924 590 1965 causa
606 1901 712 1984 perfidi
727 1923 763 1963 ac
780 1902 941 1984 proditoris
951 1917 1009 1979 est,
1020 1901 1107 1988 pejus

162 2008 262 2069 agere,
279 2008 369 2068 quam
390 1988 495 2132 possit.
544 1985 680 2068 ldeoque
703 2007 741 2047 uu
761 1986 971 2069 suscipiendae
985 1987 1109 2069 quidem

162 2086 229 2134 sunt
244 2091 353 2133 causae
369 2092 388 2154 p
402 2090 481 2144 ures,
493 2092 581 2153 quarn
597 2069 703 2154 quibus
718 2070 913 2134 suffecturum
928 2091 962 2134 se
977 2072 1062 2135 sciat.
1114 2094 1146 2134 au

206 2155 304 2220 Dicet
325 2155 435 2239 scripta
450 2176 538 2239 quam
560 2176 608 2218 res
628 2156 758 2239 patietur
776 2155 913 2240 plurima,
931 2170 973 2232 et,
991 2170 1023 2220 nt
1037 2157 1108 2220 De·

163 2242 335 2308 mosthenes
359 2241 411 2318 ait,
429 2241 454 2304 si
477 2242 641 2324 continget,
659 2256 690 2305 et
712 2241 839 2325 sculpta.
890 2241 954 2306 Sed
976 2241 1035 2305 hoc
1057 2257 1110 2306 aut

163 2329 277 2428 primae
293 2328 437 2404 actiones,
455 2342 505 2390 aut
520 2349 595 2411 quae
612 2327 641 2389 in
656 2327 782 2410 publicis
797 2325 919 2413 judiciis
934 2340 1003 2410 post
1017 2327 1110 2391 inter·

159 2429 262 2499 jactus
286 2413 349 2476 dies
373 2414 489 2491 dantur,
509 2412 719 2497 permiserint:
749 2429 780 2476 at
805 2434 875 2476 cum
898 2412 1032 2496 protinus
1058 2435 1110 2476 re·

164 2499 373 2584 spondendum
399 2513 456 2575 est,
474 2498 573 2561 omnia
595 2499 692 2581 parari
716 2520 776 2560 non
798 2512 947 2581 possunt3
970 2498 1048 2560 adeo
1075 2513 1150 2564 utss

165 2585 263 2668 paullo
285 2584 381 2646 minus
405 2583 549 2667 promptis
572 2585 662 2646 etiam
684 2599 795 2646 noceat
817 2583 985 2666 scripsisse,
1003 2584 1028 2646 si
1050 2584 1112 2648 alia

163 2689 204 2730 ex
230 2668 360 2743 diverso,
381 2689 470 2749 quam
500 2667 609 2750 opinati
634 2666 753 2746 luerint,
774 2669 968 2732 occurrerint.
1017 2668 1112 2735 Inviti

164 2749 243 2812 enirn
258 2751 402 2810 recedunt
417 2771 435 2811 a
451 2752 646 2832 praeparetis,
663 2766 694 2814 et
715 2768 776 2814 tota
797 2754 917 2815 actione
930 2754 1111 2837 respiciunt,

162 2832 384 2916 requiruntque‚
405 2853 474 2894 num
500 2833 608 2914 aliquid
635 2855 675 2894 ex
701 2835 757 2896 illis
780 2835 938 2910 intervelli,
955 2852 1046 2919 atque
1069 2862 1116 2904 ex

163 2932 300 3002 tempore
310 2915 443 2978 dicendis
459 2916 548 2979 inseri
563 2916 682 2999 possit:
706 2919 827 3001 quodsi
846 2919 907 2994 fiat,
919 2941 979 2980 non
995 2923 1150 2990 cubae-ar

116 3039 117 3046 ι
163 3017 221 3081 ret,
239 3024 296 3068 nec
320 3001 523 3066 commissuris
547 3003 652 3080 modo,
668 3018 701 3066 ut
724 3004 754 3066 iu
774 3025 867 3089 opere
889 3004 966 3067 male
985 3003 1109 3091 juncto,

164 3090 322 3166 hiantibus,
340 3089 393 3152 sed
417 3087 479 3172 ipsa
501 3088 610 3174 coloris
632 3089 840 3174 inaequalitate
856 3089 1011 3174 detegitur.
1061 3094 1110 3159 Ita

164 3196 221 3238 nec
236 3175 313 3238 liber
327 3189 373 3238 est
389 3174 529 3256 impetus,
547 3195 603 3237 uec
626 3197 700 3238 cura
715 3189 858 3240 contexta
873 3198 882 3251 ;
906 3190 937 3239 et
952 3191 1109 3263 utrumque

164 3258 248 3318 alteri
264 3259 384 3322 obstat:
406 3259 458 3328 illa
473 3259 562 3336 enim,
576 3281 658 3405 quae
679 3261 790 3345 scripta
809 3275 888 3338 sunt,
904 3262 1031 3326 retinent
1045 3265 1107 3328 ani·

165 3361 258 3417 mum,
276 3364 334 3404 non
358 3359 528 3426 sequuntur.
595 3360 686 3428 taque
706 3346 736 3408 in
760 3347 804 3410 bis
827 3346 993 3411 actionibus
1011 3349 1148 3427 ornabas

164 3439 197 3488 ut
221 3423 369 3508 agricolae
391 3429 504 3502 dicunt,
519 3429 595 3512 pede
619 3431 762 3493 standum
777 3442 828 3494 art.
876 3431 957 3495 Nam
983 3455 1050 3496 cum
1076 3433 1108 3498 in

165 3507 370 3595 propositione
385 3531 420 3572 ac
436 3512 610 3576 refutatione
626 3537 716 3580 causa
732 3517 887 3595 consistat,
898 3539 976 3600 quae
990 3531 1108 3584 nostras

165 3594 258 3677 partis
274 3609 351 3672 sunt,
368 3595 479 3679 scripta
494 3617 561 3661 esse
584 3616 730 3682 possunt:
753 3624 829 3686 quae
844 3603 934 3666 etiam
948 3625 1108 3690 responsu-
