2459 4200
79 268 81 275 Α
149 304 216 365 210
438 314 475 359 u.
495 314 589 357 rann
606 311 830 365 oorurrnrsru

151 468 344 553 indignantur,
357 468 548 550 interrogant,
561 462 693 542 irrident,
705 464 822 527 elevant
838 463 850 524 ἲ
896 461 994 526 Aliter
1009 466 1095 530 enim

150 553 267 630 dicitur,
291 552 342 614 Ta
356 552 432 615 milri
448 551 643 635 quodcunque
658 550 712 611 lroe
728 549 817 633 regni
832 570 841 625 3
864 562 906 627 et,
926 548 1096 613 Cantando

148 646 181 699 ta
206 637 327 701 iltumt
351 653 392 715 et,
416 637 502 700 Tune
523 636 577 699 ille
600 634 750 697 demas?
772 650 814 712 et,
835 634 951 719 Meque
973 635 1095 699 timoris

149 721 256 807 uirgae
272 732 316 801 tu,
334 724 470 791 Drance.
510 721 563 800 Et,
581 744 619 784 ne
635 741 745 799 morer,
763 720 837 783 intra
853 742 886 782 se
901 720 1027 804 quisque
1041 722 1096 785 vel

149 808 220 886 hoc,
237 808 286 871 vel
307 808 397 885 aliud,
414 806 494 891 quod
516 807 608 884 volet,
625 828 681 889 per
699 828 803 868 omnes
823 806 951 869 affectus
967 821 1068 870 verset
1084 826 1117 868 :s

149 914 253 955 verum
268 914 347 970 esse,
366 891 445 976 quod
461 891 599 969 dicimus,
616 891 702 954 sciet.

194 976 297 1039 Unum
308 978 372 1061 jam
389 976 432 1039 his
449 976 649 1062 adjiciendum
665 989 722 1053 est,
734 998 803 1038 cum
818 975 978 1060 praecipue
994 976 1024 1037 in
1037 998 1091 1039 ac·

149 1062 229 1125 tione
256 1076 407 1145 spectetur
430 1062 534 1139 decor,
552 1082 642 1145 saepe
665 1062 744 1124 aliud
766 1060 840 1123 alios
864 1061 985 1123 decere.
1030 1060 1093 1126 Est

150 1146 227 1209 enim
243 1146 336 1211 latens
352 1147 499 1231 quaedam
522 1148 550 1210 in
573 1146 632 1209 huc
654 1147 740 1224 ratio,
757 1161 788 1209 et
810 1145 1037 1209 inenarrabilis:
1062 1161 1094 1211 et

150 1248 182 1295 ut
197 1254 267 1295 vere
282 1232 341 1295 lroc
358 1233 542 1309 dictumest,
561 1242 652 1315 ceput
666 1252 736 1310 esse,
754 1232 855 1293 decere
871 1231 951 1313 quod
958 1230 1067 1313 socias
1080 1252 1128 1310 ,·ro

151 1317 190 1381 ita
207 1318 236 1379 id
252 1338 349 1401 neque
365 1318 427 1381 sine
448 1332 510 1381 arte
532 1340 610 1395 esse,
628 1338 725 1401 neque
745 1331 839 1379 totum
861 1331 924 1379 arte
942 1318 1019 1380 tradi
1037 1336 1092 1401 po·

151 1416 217 1465 test.
267 1403 303 1465 In
315 1403 491 1487 quibusdam
506 1403 627 1466 virtutes
642 1423 701 1464 non
716 1401 823 1465 habent
838 1402 973 1486 gratiam,
985 1403 1014 1465 in
1026 1404 1092 1487 qui·

146 1486 275 1549 ¹busdam
291 1488 360 1550 vitia
377 1488 441 1571 ipsa
458 1489 618 1551 delectant.

194 1568 346 1633 Maximus
362 1586 479 1634 actores
496 1572 731 1650 comoediarum,
749 1572 941 1636 Demetrium
957 1588 988 1636 et
1006 1574 1091 1639 Stra·

145 1654 258 1732 ¹toclea,
276 1655 396 1738 placere
420 1656 544 1719 diversis
567 1657 721 1720 virtutibus
744 1658 883 1721 vidimus.
932 1658 996 1722 Sed
1018 1660 1127 1722 illudrs

151 1740 244 1803 rninus
261 1740 377 1819 mirum,
395 1742 476 1826 quod
491 1741 564 1805 alter
580 1742 666 1819 deos,
684 1756 714 1805 et
724 1742 864 1828 juvenes,
882 1757 913 1805 et
927 1744 1020 1806 bonos
1036 1765 1090 1829 pa·

150 1841 221 1903 tres,
240 1848 411 1912 servosque,
430 1842 459 1891 et
474 1842 634 1905 matronae,
653 1842 683 1891 et
699 1849 803 1912 graves
819 1850 891 1891 auus
907 1829 1030 1912 optime,
1047 1830 1090 1893 al·
1160 1890 1165 1893 .

151 1925 195 1973 ter
217 1932 302 1975 acres
332 1936 430 1990 senes,
448 1914 571 1977 callidos
601 1936 717 1992 servos,
734 1914 892 1997 parasitos,
908 1914 1043 1993 lenones,
1060 1929 1092 1978 et

144 1996 248 2055 omnia
279 1996 429 2077 agitatiora
459 1998 575 2061 melius.
623 1998 694 2061 Fuit
724 2000 803 2061 enim
832 2012 935 2062 natura
957 2000 1085 2063 diversa.

150 2075 228 2140 Nam
243 2098 306 2141 vox
321 2102 440 2164 quoque
455 2079 605 2146 Demetrii
621 2082 794 2169 jucundior,
811 2085 886 2148 illius
902 2084 999 2148 acrior
1014 2099 1084 2150 erat.
1095 2107 1124 2146 ac

152 2163 351 2228 Annotandae
370 2167 462 2250 magis
479 2169 687 2252 proprietateS,
704 2191 781 2255 quae
796 2169 944 2234 transferri
960 2193 1019 2234 non
1033 2191 1089 2255 po·

146 2263 255 2329 terant,
279 2273 382 2316 manus
404 2252 532 2338 jactare,
549 2270 580 2317 et
602 2256 705 2320 dulces
729 2257 961 2320 exclamationes
984 2257 1088 2320 theatri

150 2357 240 2399 causa
253 2340 430 2421 producere,
444 2353 473 2402 et
484 2339 677 2422 ingrediendo
689 2358 810 2405 ventum
822 2342 982 2427 concipere
991 2358 1088 2419 veste,

145 2436 180 2484 et
196 2445 401 2508 nonnunquam
414 2425 520 2487 dextro
536 2425 627 2487 latere
640 2425 738 2489 facere
753 2443 853 2510 gestus
871 2449 877 2488 :
901 2428 980 2510 quod
996 2428 1090 2490 nemi·

146 2527 219 2570 -nem
235 2508 323 2571 alium
338 2523 455 2592 praeter
476 2509 666 2572 Demetrium
683 2512 804 2575 decuit:
827 2534 954 2595 namque
970 2513 998 2574 in
1014 2513 1126 2576 haecss

150 2593 248 2654 omnia
271 2608 379 2655 statura
400 2607 430 2654 et
452 2593 525 2654 mira
544 2594 647 2676 speeie
668 2595 870 2678 adjuvabatur.
919 2597 1006 2660 Illum
1022 2619 1087 2661 cur·

150 2697 211 2749 sus,
230 2690 259 2736 et
275 2677 399 2756 agilitas,
419 2691 448 2737 et
463 2677 510 2737 vel
532 2699 636 2758 parum
651 2681 831 2743 conveniens
852 2703 998 2764 personae
1015 2684 1089 2748 risus

155 2756 256 2837 (quem
271 2779 330 2818 non
346 2759 462 2838 ignarus
484 2759 603 2821 rationis
626 2763 737 2842 populo
753 2765 869 2845 dabat,)
890 2780 920 2826 et
935 2783 1090 2832 contracta

150 2839 237 2901 etiam
253 2841 413 2902 cervicula.
455 2841 608 2924 Quicquid
624 2845 728 2905 horum
744 2847 817 2906 alter
831 2846 964 2924 fecisset,
976 2849 1090 2917 foedis·

150 2923 256 2987 simum
271 2925 431 2989 videretur.
1097 2959 1126 3000 ac

193 3009 296 3082 Quare
316 3012 393 3076 norit
415 3035 448 3076 se
467 3012 603 3098 quisque,
622 3037 677 3078 nec
696 3029 809 3079 tanturn
826 3039 866 3080 ex
881 3021 1088 3087 communibus

150 3099 331 3183 praeceptis,
344 3100 397 3163 sed
413 3099 501 3163 etiam
518 3121 557 3161 ex
571 3115 672 3164 natura
689 3124 742 3165 sua
753 3104 851 3187 capiat
863 3104 1018 3168 consilium
1030 3105 1089 3170 sor·

150 3185 275 3245 mendae
298 3185 433 3249 actionis.
480 3184 587 3269 Neque
610 3187 680 3249 illud
699 3191 798 3251 tamen
814 3203 860 3252 est
880 3189 975 3269 nefas,
991 3205 1024 3254 ut
1037 3193 1087 3256 ali·

144 3285 238 3346 ‘quem
254 3269 301 3329 vel
318 3271 414 3333 omnia
430 3270 478 3333 vel
493 3270 617 3354 plurima
633 3273 769 3336 deceant.

194 3347 294 3432 Hujus
310 3373 428 3437 quoque
452 3356 511 3417 loci
531 3357 662 3420 clausula
685 3357 722 3421 sit
744 3359 862 3438 eadem,
880 3368 1006 3424 necesse
1028 3374 1123 3439 est,sa
1218 3420 1225 3438 ,

144 3455 225 3518 quae
256 3448 423 3500 ceterorum
453 3454 509 3516 est,
527 3463 656 3525 regnare¹
679 3445 808 3507 maxime
837 3447 970 3509 modum.
1015 3443 1087 3509 Non

145 3520 228 3583 enim
248 3521 528 3600 comoedumesse,
546 3529 599 3589 sed
623 3542 770 3591 oratorem
789 3531 869 3592 volo.
917 3530 1021 3602 Quare
1035 3553 1086 3594 ne-

146 3627 207 3688 que
223 3605 346 3690 ingestu
358 3627 686 3691 persequemunomnes
701 3613 837 3697 argutias,
848 3637 906 3678 nec
921 3615 950 3678 in
965 3617 1086 3701 loquea'·
