2459 4200
164 268 229 329 nrt
456 280 493 324 tr.
514 280 608 325 sisu
627 278 850 332 ournsrnrtnr

165 430 390 499 Demosthenes
405 430 534 497 nonfuit
549 430 561 493 Ρ
583 431 665 515 utqui
683 430 792 493 mnium
807 430 903 491 virum
917 431 1107 515 accepimus.

164 518 234 583 Non
256 516 400 581 Cicero?
423 506 503 581 nt'ui
525 516 611 603 hujus
656 536 754 599 unque
776 536 876 578 mores
898 515 980 577 multi
1003 538 1111 600 repre·

164 604 340 667 henderunt.
387 540 473 675 Quid
487 624 571 687 agam
586 602 597 661 ?
634 538 757 682 blegne
770 600 913 683 ,responsi
933 600 1041 664 invidia
1055 625 1110 665 su·

164 688 283 751 beundn
305 702 375 751 est:
399 688 576 771 mitigandae
599 700 666 749 suut
687 685 769 768 prius
790 706 886 747 eures.
934 682 1012 745 Mihi
1027 687 1112 749 euim

164 794 223 837 neo
245 770 471 835 Demosthenes
493 785 553 834 tum
574 770 655 853 gravi
678 792 794 833 morum
809 770 914 853 diguus
928 768 1047 833 videtur
1064 770 1134 834 ivr-s

166 858 259 936 vidis,
275 872 307 921 ut
321 856 432 935 omnia,
451 877 527 940 quae
543 856 572 917 in
589 878 658 919 eum
672 855 711 918 ab
726 854 853 919 inimicis
868 870 1012 938 congesta
1026 872 1108 935 sunt,

166 944 289 1007 credam
304 964 313 1019 ;
336 962 405 1006 curn
426 955 456 1005 et
476 941 676 1025 pulcherrima
691 939 756 1024 ejus
772 940 802 1002 in
815 939 969 1024 republica
982 940 1110 1005 consilia

166 1042 196 1091 et
216 1029 304 1091 finem
326 1028 404 1091 vitae
424 1026 538 1090 clarum
561 1026 670 1108 legam.
718 1024 785 1088 Nec
809 1024 918 1087 Marco
935 1024 1036 1087 Tullio
1051 1027 1109 1089 de·

165 1111 256 1177 fuisse
269 1112 358 1177 video
373 1113 402 1175 in
418 1112 476 1176 ulls
490 1125 574 1197 parte
586 1111 662 1175 civis
673 1111 780 1195 optimi
790 1110 984 1174 voluntatem.
1025 1109 1110 1176 Tes-

166 1198 292 1263 timonio
317 1212 362 1263 est
386 1212 471 1263 actus
497 1196 680 1262 nobilissime
702 1196 896 1271 consulatus;
918 1196 1147 1279 integerrimern

168 1285 322 1369 provincia
337 1282 560 1359 administratn;
584 1299 615 1346 et
629 1283 799 1367 repudiatus
815 1280 1027 1365 vigintiviratus
1043 1304 1052 1359 ;
1079 1298 1111 1346 et

168 1370 304 1435 civilibus
326 1366 423 1449 bellis,
441 1370 561 1454 quaein
577 1383 703 1433 aetatem
719 1368 784 1453 ejus
799 1366 973 1451 gravissima
993 1367 1110 1431 incide·

167 1446 246 1533 runt,
261 1477 358 1540 neque
373 1476 428 1540 spe
444 1477 540 1539 neque
555 1469 637 1517 metu
652 1454 814 1517 declinatus
832 1452 957 1530 animus,
974 1473 1035 1535 quo
1050 1454 1109 1515 mi-

166 1562 220 1601 nus
248 1540 367 1623 optimis
398 1562 431 1603 se
457 1539 601 1623 partibus,
624 1539 654 1602 id
677 1554 734 1617 cst,
750 1538 942 1622 reipublicae,
955 1536 1107 1623 jungeret.

167 1622 279 1687 Parum
294 1623 377 1687 sortis
390 1623 506 1686 videtur
517 1623 714 1706 quibusdam:
735 1625 841 1707 quibus
857 1623 969 1708 optime
983 1645 1145 1708 respon-rs

167 1710 210 1773 dit
231 1709 308 1795 ipse,
324 1730 385 1771 non
405 1731 434 1771 sc
453 1708 591 1771 timidum
611 1710 646 1771 in
666 1709 877 1792 suscipiendis,
893 1710 945 1771 ssd
959 1709 994 1770 iu
1004 1709 1109 1792 prom·

166 1794 274 1859 dendis
299 1796 472 1881 periculis:
495 1796 575 1881 quod
602 1794 740 1879 probavit
765 1809 861 1857 morte
885 1816 1004 1880 quoque
1029 1795 1107 1880 ipsa,

165 1902 255 1965 quam
270 1882 523 1967 praestantissimo
539 1882 674 1965 suscepit
687 1881 797 1944 animo.

210 1966 330 2035 Quodsi
347 1964 440 2028 defuit
454 1966 500 2029 his
516 1966 584 2029 viris
600 1988 717 2029 summa
731 1966 822 2030 virtus
839 1986 846 2026 :
870 1964 927 2042 sic,
941 1966 1107 2048 quaerenti-

165 2048 232 2124 bus,
250 2070 287 2112 an
310 2063 442 2113 oratores
463 2048 580 2129 fuerint,
598 2051 801 2136 respondebo,
818 2052 970 2136 quomodo
994 2051 1142 2130 Stoici,sn

165 2134 191 2197 si
219 2134 445 2220 interrogentur,
468 2157 504 2198 un
534 2137 652 2221 sapiens
683 2137 784 2215 Zeno,
805 2160 843 2201 an
867 2137 1046 2216 Cleanthes,
1070 2160 1122 2200 an⁴

164 2219 367 2308 Chrysippus
384 2223 596 2307 respondeant,
615 2221 743 2307 Magnos
764 2225 884 2307 quidem
907 2223 973 2286 illos
996 2245 1033 2286 ac
1055 2245 1109 2286 ve·

165 2308 323 2387 nerabiles,
341 2329 399 2372 non
416 2323 514 2373 tamen
530 2309 572 2387 id,
590 2311 669 2394 quod
691 2325 794 2374 natura
814 2309 940 2373 bominis
960 2330 1108 2371 summum

165 2391 266 2473 habet,
278 2409 471 2459 consecutos.
517 2394 547 2458 N
549 2415 597 2458 am
612 2409 643 2458 et
658 2393 857 2478 Pythagoras,
871 2417 931 2457 non
945 2393 1110 2476 sapientem

165 2501 211 2557 se,
229 2495 259 2542 ut
280 2481 329 2564 qui
352 2495 419 2544 ante
442 2501 510 2542 eum
532 2478 660 2557 suerunt,
678 2481 732 2543 sed
754 2481 919 2542 studiosum
941 2480 1145 2561 supienticess

164 2565 267 2626 vocari
290 2565 392 2628 voluit.
440 2563 509 2646 Ego
533 2579 631 2628 tamen
657 2565 822 2628 secundum
844 2587 1035 2628 communem
1062 2564 1109 2626 lo·
1229 2565 1230 2568 ’

164 2649 273 2729 quendi
290 2649 535 2710 consuetudinem
551 2671 643 2732 saepe
658 2650 739 2724 dixi,
751 2650 921 2734 dicamque,
941 2649 1111 2733 perfectum

164 2743 313 2791 oratorem
329 2752 396 2792 esse
411 2731 594 2793 Ciceronem
609 2753 618 2804 ;
641 2747 673 2794 ut
692 2735 806 2794 amicos
823 2749 852 2795 et
868 2735 964 2796 bonos
981 2735 1061 2797 viros
1078 2751 1110 2798 et

163 2812 408 2897 prudentissimos
421 2813 546 2875 dicimus
564 2815 663 2896 vulgo,
675 2837 800 2897 quorum
815 2817 886 2877 nihil
900 2817 956 2878 nisi
972 2818 1111 2898 perfecte

117 2898 120 2902 ’
161 2897 289 2983 sapienti
305 2899 399 2962 datur.
1117 2925 1144 2965 aa

210 2984 275 3050 Sed
290 3007 359 3048 cum
375 2982 495 3070 proprie
511 2984 593 3047 etad
609 2984 707 3068 legem
723 2985 819 3070 ipsam
834 2983 966 3048 veritatis
980 2985 1108 3070 loquen-

164 3073 235 3136 dum
251 3072 318 3150 erit,
337 3093 404 3134 eunt
421 3092 561 3156 quaeram
577 3085 739 3149 oratorem,
756 3093 846 3155 quem
866 3086 897 3134 et
917 3071 966 3133 iile
981 3094 1106 3155 quaere·

164 3159 225 3220 bat.
259 3158 439 3242 Quanquam
455 3157 533 3220 enim
549 3157 668 3220 stetisse
683 3157 780 3241 ipsum
796 3157 824 3218 in
837 3155 953 3240 fastigio
965 3157 1105 3241 eloquen-

163 3243 223 3303 tiae
238 3241 345 3318 fateor,
362 3265 397 3306 uc
415 3244 476 3320 vix,
489 3243 559 3326 quid
575 3243 664 3328 adjici
681 3242 820 3326 potuerit,
838 3243 969 3319 invenio,
980 3241 1106 3306 sortasse

139 3357 148 3370 ι
165 3325 347 3403 inventurus,
364 3329 446 3411 quod
468 3327 564 3391 adhuc
588 3328 773 3391 abscisurum
796 3343 897 3412 putem
912 3326 1004 3391 fuisse
1021 3327 1144 3409 (nemas

164 3409 228 3474 sere
251 3410 294 3474 sic
317 3413 399 3474 docti
416 3412 638 3496 judicaverunt,
660 3415 818 3497 plurimum
841 3414 870 3476 in
893 3436 930 3477 ao
953 3413 1103 3490 virtutum,
1219 3405 1227 3418 ¹

165 3496 296 3562 nonnihil
317 3494 407 3558 suisse
430 3497 592 3561 vitiorum:
617 3513 646 3562 et
668 3499 733 3584 ipse
756 3521 789 3562 se
812 3500 903 3562 multa
925 3522 965 3562 ex
982 3497 1107 3583 juvenili

166 3583 344 3648 abundantia
360 3582 533 3646 coercuisse
552 3597 673 3648 testatur
687 3585 710 3668 z)
730 3599 829 3647 tamen
844 3585 961 3668 quando
981 3605 1038 3648 nec
1059 3601 1106 3648 st·
