2459 4200
341 265 663 322 anternacum
680 267 818 322 carru.
1021 254 1067 320 or

120 433 190 493 tran:
212 431 256 497 ut,
279 416 380 490 dorca
402 428 444 482 ut
467 419 790 487 renuentum
812 418 1064 489 nodewet«

120 503 180 566 Cui
201 517 307 574 natura
324 504 514 582 contrarium,
532 505 586 568 sed
608 525 710 572 errore
730 526 787 590 ptr
805 519 863 583 eet,
954 505 961 518 ’
993 505 1068 574 (hro

121 588 303 652 excedentia
325 589 447 658 modum
470 589 603 669 nomme,
617 590 673 657 nisi
687 612 758 661 oum
773 611 813 655 ex
835 591 864 653 in
885 589 975 656 ustria
989 591 1067 656 ricus

121 673 191 742 inde
214 686 362 758 captetur.
410 673 517 757 Itaque
538 697 595 736 nec
616 675 795 759 parricidam
810 696 942 759 aequora
955 675 1067 744 dixeris

99 758 274 822 chominem
290 780 299 834 3
321 781 379 820 nec
391 759 523 822 deditum
533 758 608 822 forte
624 761 772 829 meretrici
787 759 963 912 troparium:
986 760 1070 851 quod

125 844 250 916 aiterum
275 864 392 928 parurn,
418 843 542 908 alterum
567 845 688 908 nimium
714 858 771 913 est.
848 845 954 911 roinde
977 865 1067 930 quae·

71 1003 73 1007 ¹
126 927 195 1000 dam
218 927 325 1006 hebes,
342 927 474 1006 sordida,
490 927 605 1076 joppae,
625 929 728 1008 tristis,
746 931 870 1015 ingrata,
885 929 952 997 vilis
973 929 1068 996 oratic
1103 933 1112 942 '

72 1034 85 1064 ⁴-
126 1027 181 1078 cst.
240 1012 332 1084 Quae
362 1013 433 1076 vitia
462 1010 519 1078 saci
543 1014 602 1078 ime
628 1015 701 1081 fiunt
726 1013 883 1083 manifeste
912 1013 1067 1084 contrariis

124 1097 293 1164 virtutibus.
340 1095 421 1160 Nam
442 1097 570 1181 primum
585 1114 687 1177 acuto,
704 1099 870 1166 secundum
888 1100 995 1179 pitido,
1010 1113 1068 1164 ter-

1 1231 2 1288 p
91 1205 117 1256 ro
125 1183 201 1244 tium
217 1183 355 1266 copioso,
374 1182 517 1266 deinceps
540 1183 635 1262 hilari,
649 1184 796 1270 jucundo,
813 1198 955 1251 accurato
970 1183 1069 1249 diver·

1 1305 2 1326 t
75 1275 81 1292 ¹
127 1280 264 1338 Sumesi.

1 1343 2 1356 ¹
173 1350 304 1415 Vitanda
320 1365 349 1416 ct
363 1358 486 1420 percon,
513 1372 586 1416 cum
615 1352 746 1418 sermoni
766 1354 853 1416 deest
872 1349 995 1434 aliquid,
1011 1370 1071 1435 quo

127 1436 223 1508 minus
246 1437 351 1528 plenus
367 1431 426 1494 sit:
450 1453 616 1520 quanquam
639 1437 670 1500 id
691 1438 838 1510 obscurae
852 1435 964 1526 potius,
981 1456 1070 1524 quam

127 1521 280 1590 inornatae
299 1515 439 1586 orationis
460 1521 562 1584 vitium
586 1536 642 1588 est.
691 1522 758 1589 Sed
778 1523 839 1594 boc
857 1540 977 1612 quoque
1000 1541 1070 1584 com

1 1617 2 1642 ³
93 1626 145 1678 nse
170 1605 364 1690 prudentibus
384 1601 428 1679 fit,
451 1607 573 1670 schema
594 1608 656 1672 dici
681 1609 770 1686 solet,
794 1609 871 1682 sicut
896 1616 1070 1692 rovreioyta,

129 1690 159 1757 id
171 1691 228 1768 est,
240 1689 376 1776 ejusdem
388 1690 471 1751 verbi
484 1705 533 1753 aut
548 1693 692 1756 sermonis
703 1694 830 1761 iteratio.
876 1693 968 1763 Haec
978 1695 1070 1772 enim,

129 1797 295 1869 quanquam
311 1797 369 1838 non
385 1793 565 1860 magnopere
584 1778 706 1842 summis
721 1779 894 1847 auctoribus
907 1779 1013 1853 vitata,
1029 1777 1072 1840 in·

129 1860 218 1922 terim
238 1861 340 1922 vitium
354 1857 450 1921 videri
466 1873 589 1942 potest:
613 1863 643 1922 in
680 1863 742 1932 uod
758 1883 848 1946 saepe
864 1861 969 1926 incidit
982 1861 1073 1924 etiam

132 1943 259 2020 Cicero,
282 1963 403 2012 securus
428 1958 489 2005 tarn
513 1965 623 2027 parvae
649 1946 888 2024 oservationis3
911 1945 989 2013 sicut
1014 1945 1073 2013 hoc

94 2028 214 2107 noloco,
227 2029 306 2097 Nou
327 2030 423 2090 colum
445 2029 544 2111 igitur
557 2030 639 2094 illud
653 2031 810 2119 judicium
825 2031 945 2121 judicii
959 2031 1071 2111 simile,

131 2115 268 2193 Indices,
285 2135 346 2177 oon
358 2112 436 2197 suit.
484 2113 609 2179 Interim
631 2131 743 2183 mutato
765 2118 886 2189 nornine
900 2129 1074 2199 ἐπανάληψις

133 2200 250 2277 dicitur,
262 2214 352 2284 atque
367 2211 412 2260 est
427 2212 456 2260 et
472 2200 569 2282 ipsum
591 2202 667 2265 inter
689 2204 840 2266 schemata
854 2225 862 2263 r
878 2225 1005 2287 quorum
1021 2226 1074 2270 ex·

134 2306 181 2347 em
202 2286 230 2347 la
246 2285 297 2347 illo
313 2284 382 2349 loco
398 2283 533 2359 reddam,
551 2304 610 2365 quo
625 2286 749 2347 virtutes
765 2300 860 2348 erunt.

177 2308 270 2454 dejor
296 2369 354 2434 hac
384 2377 536 2451 oporotoyta
552 2382 610 2444 est,
627 2389 705 2457 quae
726 2368 805 2429 nulla
819 2368 968 2436 varietatis
983 2372 1077 2453 gratia

98 2454 212 2521 tolerat
226 2454 373 2530 taedium,
389 2470 478 2537 atquc
494 2470 539 2521 est
554 2466 618 2515 tota
632 2452 743 2515 coloris
759 2453 856 2531 unius,
872 2476 932 2540 qua
946 2456 1075 2530 maxime
1119 2496 1124 2504 ·

135 2538 365 2622 deprehenditur
380 2561 484 2611 carens
501 2555 561 2605 erte
578 2538 728 2614 oratoria3
752 2559 845 2625 eaque
860 2555 891 2605 et
910 2540 1074 2621 sententiis,

135 2637 164 2687 et
178 2624 290 2710 figuris,
306 2636 335 2684 et
348 2625 567 2707 compositione
583 2624 682 2706 longa,
699 2645 759 2685 non
774 2626 878 2691 animis
894 2628 1003 2707 solum,
1021 2628 1076 2703 sed

136 2708 229 2785 etiam
240 2708 357 2775 auribus
374 2723 420 2771 est
435 2708 640 2793 ingratissima.

180 2792 310 2857 Vitanda
322 2801 499 2875 μακρολογία,
516 2795 546 2858 id
559 2808 616 2869 est,
633 2793 758 2877 longior,
771 2816 860 2879 quam
871 2812 1002 2881 oportet,
1015 2818 1077 2861 ser·

100 2898 197 2955 mmo,
208 2892 241 2940 ut
256 2878 334 2963 apud
351 2878 485 2957 Livium,
504 2879 626 2963 Legati,
644 2900 705 2941 ooo
719 2880 881 2962 impetrato
892 2903 981 2965 pure,
999 2892 1077 2946 retro

136 2962 268 3040 domum,
284 2964 366 3025 'uude
381 2976 535 3043 venerant,
553 2964 702 3026 obierunt.
725 2995 731 3008 =
752 2965 818 3038 Sed
832 2966 902 3030 huic
916 2966 1017 3029 vicina
1025 2985 1077 3046 pe·

135 3046 276 3133 riphrasis
292 3048 383 3112 virtus
400 3049 534 3113 habetur.

181 3130 241 3193 Est
263 3146 292 3194 et
314 3142 484 3211 πλεονασμός
511 3134 625 3209 vitium,
657 3152 728 3191 cnm
761 3127 954 3212 supervacuis
979 3126 1080 3191 verbis

138 3215 235 3277 oratio
251 3236 397 3298 oneratur,
416 3222 487 3305 Ego
510 3217 606 3281 oculis
629 3213 702 3283 meis
722 3212 798 3278 vidi.
848 3211 905 3277 Sat
925 3224 972 3276 est
987 3212 1078 3293 enim,

101 3300 212 3362 cecidi.
260 3300 440 3369 Emendavit
462 3307 521 3369 hoc
543 3302 634 3365 etiam
649 3299 760 3363 urbane
782 3298 813 3360 in
833 3296 936 3363 Hirtio
952 3297 1078 3378 Cicera,

138 3386 201 3482 quia,
229 3409 301 3455 cum
323 3392 354 3455 in
370 3390 502 3455 Pansam
523 3389 706 3463 declamans,
716 3382 821 3471 filium
837 3396 965 3455 antcire
981 3386 1081 3458 decent

137 3472 289 3542 mensibus
311 3476 346 3537 io
372 3486 456 3539 utero
480 3476 574 3540 laturo
597 3491 656 3534 erre
680 3471 815 3549 dixisset,
840 3470 954 3552 Quint
986 3471 1078 3540 attur,

139 3554 242 3646 inquit,
268 3558 304 3632 io
325 3562 442 3647 penula
466 3560 560 3634 soient
576 3554 694 3636 serres!
737 3555 956 3645 Nonnunquam
982 3564 1080 3625 minen
