2459 4200
181 281 244 346 lbi
458 297 495 342 ι.
515 295 610 342 aaran
628 262 851 350 autharium

181 449 286 516 Asiani
302 459 369 512 sunt
382 448 427 512 usi
445 449 602 534 plurimum
618 469 627 510 t
650 449 736 535 cujus
751 449 923 534 exemplum
937 448 1050 513 Cicero
1064 467 1115 532 po·

178 535 231 610 ait,
251 534 357 596 Patria
374 535 489 597 dictum
509 536 631 618 rapiens
652 537 802 597 temeritas
816 534 883 618 filii
905 535 1113 616 comprobarit.

180 618 325 704 Accipiet
336 635 404 683 ante
420 641 454 683 sa
468 621 596 683 choreus
611 635 643 683 et
656 620 859 703 pyrrhichium
875 641 883 682 ε
905 620 1015 683 Omma
1025 639 1116 702 prope

179 705 258 770 daea
270 706 391 784 uirtute,
405 707 522 788 glorio,
539 705 690 788 dignitate
704 705 877 787 superabat.

127 865 130 872 ι
222 789 335 856 Cludet
350 807 381 858 et
396 792 544 874 dactylus,
560 791 615 854 nisi
631 811 700 854 eum
714 791 884 853 observatio
900 791 1018 853 ultimae
1032 789 1136 852 creti-t

179 875 364 940 eumfacit:
395 891 438 954 ut,
454 877 651 939 Muliercula
671 875 763 937 aiam
783 876 818 936 ia
841 877 939 937 litare.
987 875 1119 938 Habebit

179 975 248 1108 apte
265 962 341 1026 bene
360 962 506 1026 creticum
526 976 557 1024 et
579 961 721 1038 iambum,
739 961 906 1044 spondeum
929 960 1016 1037 male,
1033 960 1119 1045 pejus

179 1065 336 1110 careum.

221 1129 326 1195 Cludit
338 1131 580 1216 amphibrachum
598 1132 639 1207 Q.
655 1129 821 1214 Ligarium
831 1131 867 1191 ia
878 1127 991 1211 alfrieo
998 1126 1120 1210 sciam
1201 1168 1205 1177 ι

180 1215 280 1279 cinon
296 1239 364 1280 eum
380 1217 525 1280 malumus
542 1237 610 1280 esse
629 1217 798 1278 bacchium.
844 1215 914 1278 Non
930 1215 1061 1298 optimus
1076 1228 1149 1278 eatn

181 1300 353 1380 trochaeus,
370 1303 394 1365 si
414 1303 515 1366 ultima
534 1317 580 1365 est
601 1301 723 1364 brevis:
747 1302 829 1400 quod
844 1315 927 1364 certe
943 1301 981 1362 sit
995 1320 1120 1364 necasse

180 1401 227 1450 eat
244 1407 252 1462 ;
275 1388 383 1472 alioqui
399 1389 552 1472 quomodo
567 1387 698 1463 claudet,
715 1409 764 1470 qtn
782 1387 881 1469 piacet
898 1386 1060 1469 plerisque,
1077 1385 1120 1448 di·

180 1469 310 1534 choicus
325 1473 337 1532 i
382 1471 438 1534 Illa
449 1473 659 1535 observatione
674 1493 713 1533 ex
728 1472 871 1534 trochaeo
886 1472 918 1534 fit
933 1486 1118 1555 anapaestus.

181 1551 268 1618 Idem
281 1555 439 1620 trochaeus
457 1557 656 1640 praecedente
671 1557 755 1639 longa
769 1557 801 1618 fit
817 1577 914 1640 paeon
930 1577 938 1617 ε
960 1558 1050 1640 quale
1064 1568 1120 1633 est,

184 1637 222 1700 ai
232 1649 348 1723 patero,
367 1655 407 1716 et,
426 1641 517 1702 Dicit
531 1641 586 1702 hac
608 1641 728 1719 Cicero,
752 1640 858 1703 Ohetat
875 1642 1008 1704 invidia.
1059 1642 1121 1707 Sed
1128 1658 1151 1699 n

179 1723 258 1788 hunc
274 1725 361 1788 initiis
377 1727 531 1789 dederunt.

206 1809 336 1875 'Cludet
356 1825 386 1874 et
404 1811 591 1895 pyrrhichius
610 1811 724 1874 choreo
745 1813 971 1896 praecedente:
994 1833 1065 1876 nam
1078 1811 1121 1875 sic

181 1913 278 1980 paeon
294 1910 350 1959 est.
401 1897 466 1962 Sed
482 1919 586 1960 omnes
603 1897 635 1974 ii,
652 1899 702 1981 qui
721 1897 750 1959 in
769 1898 877 1960 breves
896 1898 1052 1977 excidunt,
1069 1897 1120 1959 mi·
1213 1896 1214 1935 l

179 1999 235 2042 nus
256 1995 340 2043 erunt
359 1983 504 2044 stabiles:
528 2003 585 2044 nec
608 1983 677 2045 alibi
699 1981 762 2045 sere
784 1984 856 2045 satis
879 1982 954 2065 apti,
968 2005 1059 2065 quam
1074 1982 1122 2046 uhi
1213 2022 1214 2029 κ

180 2083 284 2129 cursus
300 2065 440 2131 orationis
456 2067 593 2151 exigitur,
606 2081 637 2129 et
651 2067 789 2130 clausulis
804 2089 863 2130 uon
880 2067 1078 2133 intersistitur.
1127 2089 1151 2131 aa
1213 2060 1214 2081 ¹

223 2150 365 2215 Creticus
389 2167 420 2216 et
445 2152 533 2215 initiis
559 2153 713 2237 optimus:
743 2154 835 2229 Quod
855 2163 998 2236 precatur
1022 2176 1042 2216 a
1062 2154 1123 2216 diis
1212 2189 1213 2206 κ

179 2236 402 2301 immortalibus
426 2257 515 2301 aum:
538 2252 569 2302 et
594 2238 743 2315 clausulis,
763 2240 802 2301 lu
831 2249 989 2322 conspectu
1015 2240 1123 2323 papali
1210 2305 1214 2317 ,

181 2322 316 2390 Romani
334 2344 449 2388 vomere
466 2326 624 2408 postridie.
673 2324 813 2409 Apparet
833 2345 919 2402 vero,
935 2346 1025 2409 quam
1047 2327 1122 2388 bene

181 2427 251 2473 eum
266 2411 513 2495 praecedant,vel
528 2425 718 2494 anapaestus,
736 2411 784 2473 vel
799 2411 861 2488 ille,
877 2411 927 2494 qui
942 2411 1061 2473 ridetur
1074 2410 1122 2472 fini

181 2496 290 2579 aptior,
304 2517 410 2577 paeon.
454 2495 542 2559 Sicut
558 2509 588 2557 et
603 2518 637 2557 se
652 2497 717 2578 ipse
732 2496 875 2577 sequitur,
892 2498 1019 2558 Servare
1035 2514 1152 2580 matta

177 2580 337 2663 plurimos.
388 2580 442 2643 Sic
459 2579 576 2653 melius,
589 2580 677 2661 quam
693 2581 806 2641 choreo
821 2581 1035 2663 praecedente,
1047 2582 1124 2644 aaa

181 2671 266 2743 turpe
283 2662 432 2724 duceret?
455 2662 480 2723 si
497 2663 596 2724 ultima
611 2664 710 2725 brevis
728 2684 781 2745 pro
797 2664 883 2747 longa
899 2665 947 2727 sit.
991 2666 1056 2731 Sed
1071 2667 1123 2728 fin·

180 2764 284 2829 gamus
300 2745 356 2823 sic,
368 2747 447 2807 Nou
458 2756 544 2828 turpe
556 2748 690 2810 duceres.
733 2748 797 2812 Sed
814 2749 862 2811 hic
877 2764 925 2812 est
938 2751 1009 2813 illud
1026 2752 1122 2826 inane,

180 2829 261 2915 quod
278 2828 350 2891 dixi.
396 2828 556 2893 Paululum
572 2832 651 2894 enim
666 2834 884 2896 moraedamus
900 2834 977 2897 inter
990 2836 1125 2899 ultimum
1209 2857 1212 2876 ⁴

181 2934 217 2979 ac
233 2914 402 3000 proximum
417 2917 554 2994 verbum,
572 2930 602 2978 et
622 2926 708 2999 turpe
732 2918 803 2980 illud
826 2918 980 2981 intervallo
993 2922 1152 3003 quodamu

203 2999 399 3065 reducimus:
423 3002 531 3086 alioqui
561 3001 599 3065 sit
629 3002 923 3081 exsultantissimum,
940 3018 972 3067 et
1001 3004 1124 3070 trimetri

180 3020 259 3167 inis,
284 3088 363 3165 Quia
384 3109 446 3151 aaa
468 3098 554 3173 turpe
576 3086 727 3152 duceret?
773 3088 861 3155 Sicut
883 3089 966 3168 illud,
989 3090 1050 3153 Ore
1076 3110 1123 3154 ea·

182 3175 280 3257 cipere
297 3174 410 3253 liceret,
428 3176 452 3239 si
464 3174 583 3262 jungas,
597 3175 701 3238 lascivi
716 3175 854 3239 carminis
870 3190 940 3239 est:
964 3178 1020 3240 sed
1036 3177 1122 3240 iotar-
1209 3191 1210 3250 l

180 3260 299 3357 punctis
315 3260 489 3341 quibusdam
505 3276 535 3324 et
549 3262 642 3324 tribua
658 3262 741 3346 quasi
757 3262 857 3339 initiis,
871 3262 904 3325 lit
918 3262 1038 3347 plenum
1053 3282 1121 3325 auc·
1209 3253 1211 3304 l

180 3354 318 3405 tontatrs.

225 3423 293 3489 Nec
309 3444 377 3508 ego,
393 3448 462 3490 cum
478 3430 694 3511 praesedentes
710 3433 805 3515 pedes
820 3431 919 3515 posui,
930 3433 1026 3516 legem
1039 3368 1151 3509 dedi:5
1208 3417 1209 3496 i

182 3534 221 3578 na
236 3512 284 3577 alii
300 3525 424 3575 essent:
448 3514 503 3576 sed
525 3515 595 3598 quid
617 3515 682 3579 sere
703 3518 866 3593 accideret,
883 3519 964 3601 quod
986 3519 1016 3581 in
1039 3536 1121 3603 pree·

183 3598 279 3664 sentia
296 3596 447 3663 rideretur
468 3600 625 3683 optimum,
641 3602 784 3667 ostendis
816 3600 860 3665 Et
874 3603 995 3687 quidem
1009 3604 1120 3690 optime
1207 3689 1208 3692 Ἴ
