2459 4200
168 263 229 328 ttt
450 275 487 320 tr.
508 275 603 319 niort
620 271 844 326 cerneremur

204 429 274 494 Non
290 443 389 492 autern
403 442 435 492 ut
446 428 577 512 quidque
592 422 755 522 praecipue
770 421 970 486 neeesseriurn
984 433 1043 497 est,
1056 419 1102 483 sie

162 518 200 580 etl
214 515 406 580 elfioiendurn
419 527 570 576 oratorem
591 511 713 572 maximi
729 508 861 592 protinus
876 507 931 570 erit
940 505 1099 568 momenti

162 599 242 665 Nam
254 614 341 663 certe
359 619 429 662 cum
452 599 489 660 sit
512 598 540 659 in
564 596 733 680 eloquendo
753 594 882 677 positam
896 591 1021 654 oratoris
1036 589 1101 652 offi-

161 686 254 764 cium,
264 683 367 748 dicere
380 698 449 748 ente
461 681 558 745 omnia
573 694 632 758 est,
644 695 732 765 atque
744 679 813 741 hinc
824 678 938 740 initium
953 676 1017 762 ejus
1030 673 1102 738 artis

161 769 254 834 lrrieee
276 769 462 832 manifestum
485 779 556 842 est3
579 766 747 849 proximam
765 763 874 826 deinde
896 762 1125 840 imitationem,r

159 855 354 918 melerinum
369 851 517 917 scribendi
534 871 654 936 quoque
668 848 857 932 diligentiam.
907 847 973 911 Sed
988 861 1021 909 ut
1035 866 1102 931 per·

161 940 256 1004 veniri
271 941 308 1002 ed
328 953 445 1002 summe·
462 937 517 1000 nisi
534 957 573 999 ex
589 935 741 1020 principiis
756 955 816 995 non
831 946 932 1016 potest
946 953 956 992 t
978 931 1019 994 ita
1032 950 1104 1014 pro·

163 1025 290 1086 cedente
308 1023 372 1109 jem
394 1043 486 1105 opere
509 1021 628 1084 minima
650 1019 792 1103 incipiunt
814 1039 893 1094 esse,
911 1037 988 1100 quae
1006 1015 1104 1100 prima

161 1121 240 1170 eunt.

206 1193 322 1256 Verum
338 1209 392 1255 nos
405 1213 479 1268 non,
490 1187 642 1274 quomodo
658 1189 696 1251 sit
711 1187 906 1250 instituendus
920 1185 1139 1263 orator,lteeto

162 1277 232 1340 loco
246 1278 399 1341 dicimust
421 1297 491 1340 narn
513 1276 544 1338 id
566 1275 687 1359 quidem
713 1287 762 1336 aut
785 1273 867 1349 satis,
884 1285 934 1334 ant
957 1284 1040 1334 certe
1062 1271 1104 1334 uti

184 1363 325 1440 ntuimus,
344 1363 455 1426 dictum
471 1375 517 1422 est
534 1383 541 1420 ι
566 1362 620 1423 sed
636 1360 757 1436 athleta,
773 1359 824 1440 qui
839 1378 944 1418 omnes
956 1354 1019 1440 jam
1035 1377 1103 1440 per·

159 1381 301 1508 didicerit
322 1467 340 1508 a
362 1454 560 1529 praeceptore
584 1465 734 1519 numeros,
752 1463 812 1524 quo
831 1463 942 1526 genere
957 1441 1104 1504 exercita·

159 1529 249 1591 tiorn's
269 1530 306 1590 ad
325 1529 484 1602 certamina
503 1528 723 1609 praeparandus
745 1527 793 1589 sit.
842 1526 936 1609 Igitur
955 1547 1036 1604 eum,
1051 1527 1103 1610 qni

159 1629 209 1675 res
226 1612 357 1674 invenire
372 1626 403 1674 et
417 1612 577 1695 disponere
594 1611 681 1687 sciet,
693 1612 785 1673 verba
796 1632 916 1695 quoque
930 1625 961 1672 et
976 1611 1139 1694 eligendirs

163 1711 192 1760 et
217 1696 384 1759 collocandi
410 1695 552 1758 rationem
579 1696 760 1779 perceperit,
778 1697 955 1759 instruamus
976 1717 1033 1779 qna
1056 1717 1103 1758 ra·

162 1782 255 1860 tione,
272 1782 353 1864 quod
369 1781 484 1858 didicit,
500 1779 601 1843 lacere
617 1802 706 1864 quam
721 1781 846 1864 optime,
858 1803 947 1864 quarn
963 1780 1105 1844 facillime

206 1881 268 1930 ssll.

162 1887 285 2012 poNum
302 1972 373 2034 ergo
390 1951 510 2014 dubium
526 1965 583 2027 est,
601 1950 670 2033 quin
693 1951 720 2012 ei
740 1951 821 2014 velut
842 1973 916 2034 opes
939 1951 997 2013 sint
1011 1971 1102 2033 quae·

162 2034 231 2096 darn
247 2037 407 2119 parandae,
425 2036 529 2120 quibus
553 2035 606 2113 uti,
625 2036 792 2120 ubicunque
811 2036 1012 2097 desideratum
1033 2036 1139 2115 erit,en

162 2120 257 2203 possit
273 2120 284 2181 i
330 2120 396 2183 Eae
412 2134 547 2184 constant
563 2120 651 2204 copia
667 2142 766 2182 rerum
781 2142 817 2183 ac
833 2122 1003 2183 verborum.

208 2202 273 2270 Sed
299 2228 346 2269 res
370 2206 508 2290 propriae
527 2220 598 2269 suot
618 2205 764 2290 cujusque
789 2228 912 2283 causae,
928 2219 977 2268 aut
998 2206 1103 2290 paucis

81 2318 84 2327 ¹
162 2310 337 2356 communes
354 2312 360 2351 :
386 2292 476 2354 verba
493 2291 520 2353 in
537 2291 689 2353 universas
705 2291 834 2374 paranda
850 2313 857 2351 ι
881 2312 957 2375 quae
972 2290 998 2353 si
1012 2290 1102 2353 rebus

157 2376 281 2461 singtilis
311 2390 413 2441 essent
439 2376 566 2459 singula,
590 2376 735 2438 minorem
765 2397 866 2439 curam
895 2376 1102 2461 postularent:

159 2478 230 2524 nem
253 2476 359 2524 cuneta
378 2480 449 2521 eese
477 2478 543 2521 cum
573 2460 647 2542 ipsis
673 2462 806 2543 prot-inus
827 2462 917 2523 rebus
946 2460 1140 2523 offerrentes

160 2538 230 2609 Set
242 2563 313 2606 cun
330 2544 387 2605 sint
402 2542 465 2604 aliis
482 2540 538 2603 alia
550 2556 601 2603 eut
620 2543 714 2625 tnagis
730 2546 861 2626 propria,
879 2560 929 2607 aut
941 2548 1038 2629 magis
1052 2566 1102 2608 or·

157 2641 239 2702 nete,
249 2640 302 2687 aut
311 2627 378 2709 plue
390 2626 561 2702 efficientia,
571 2640 623 2687 ant
639 2627 742 2689 melius
755 2630 900 2705 sonantia,
912 2631 1023 2693 debent
1035 2652 1102 2694 esse

157 2726 221 2771 mon
236 2710 332 2771 solum
351 2722 421 2770 nota
442 2709 550 2785 omnia,
568 2710 623 2771 sed
645 2710 674 2771 in
691 2727 820 2793 promto,
838 2728 939 2797 atque,
956 2730 989 2778 ut
1003 2716 1044 2777 ita
1058 2716 1103 2778 di·

158 2810 240 2869 eum,
256 2793 286 2853 in
299 2806 480 2875 conepectu,
497 2807 540 2869 ut,
558 2814 627 2853 curn
643 2816 677 2855 se
690 2794 805 2879 judicio
820 2798 946 2860 dicentis
962 2799 1103 2863 ostende·

158 2877 228 2954 rint,
242 2875 336 2939 facilis
353 2898 392 2939 ex
406 2876 451 2939 his
467 2876 648 2961 optimorum
662 2879 700 2940 sit
715 2880 835 2941 electio.
875 2880 918 2943 Et
929 2903 1005 2965 quae
1021 2884 1104 2947 idern
1114 2912 1139 2952 ar

156 2961 360 3047 significarent
370 2961 478 3026 ‘solitos
497 2962 561 3025 scio
577 2962 726 3041 ediscere,
743 2985 803 3047 quo
817 2964 934 3029 facilius
948 2981 979 3029 et
995 2962 1104 3033 occur·

156 3062 239 3113 reret
261 3068 351 3113 unum
374 3068 414 3112 ex
440 3049 583 3133 pluribus,
601 3062 643 3127 et,
660 3070 730 3112 cum
753 3066 855 3114 essent
875 3052 921 3116 usi
947 3053 1102 3136 aliqu0,ai

158 3133 253 3197 breve
282 3135 356 3199 intra
384 3135 512 3219 spatium
526 3143 638 3197 ‘rursus
665 3136 894 3215 desideraretur,
912 3136 1100 3221 effugiendae

1159 1367 1162 1372 ,

157 3219 345 3297 repetitionis
372 3220 463 3301 gratia
493 3234 644 3283 sumerent
673 3221 763 3299 aliud,
781 3244 840 3306 quo
870 3223 951 3287 idem
980 3224 1101 3307 intelligi
1177 3256 1183 3262 ·

159 3315 275 3382 posset.
322 3302 416 3371 Quod
439 3326 508 3365 cum
532 3318 578 3367 est
600 3306 713 3387 puerile
740 3320 770 3369 et
792 3308 947 3392 cujusdam
975 3308 1135 3373 infelieises

158 3400 282 3465 operae,
297 3397 363 3445 turn
392 3386 481 3448 etiam
507 3388 578 3450 utile
603 3410 731 3471 parum:
763 3391 878 3455 turbam
905 3394 983 3456 enim
1009 3392 1101 3457 morlo

156 3480 331 3616 emtplregat,
350 3488 387 3530 ex
409 3490 468 3552 qna
495 3470 558 3535 sine
582 3474 752 3539 discrimine
774 3493 907 3561 occupet
933 3480 1100 3563 proximum

161 3571 222 3636 quo
245 3572 313 3638 que.
