2459 4200
86 269 96 284 .
150 297 213 364 1OE
438 309 835 364 mauritaniensium

147 463 334 542 redundabit,
352 463 377 526 is
400 462 467 541 erit,
485 483 575 546 quem
592 463 775 548 quaerimus,
791 459 942 547 perlectus
964 473 1090 524 orator:

146 568 235 636 quem
250 571 328 614 nuno
344 548 545 614 consummari
560 548 750 632 potissimum
764 561 913 632 oporteat,
924 568 991 610 cnm
1007 559 1092 612 tanto

145 636 230 722 plura
256 633 395 718 exempla
421 635 499 700 bene
524 634 645 697 dicendi
668 634 826 719 supersint,
844 655 932 718 qnam
954 632 1023 710 illis,
1038 653 1079 716 qu

145 721 245 786 adbuc
261 719 369 784 summi
384 734 463 798 sunt,
475 720 673 803 contigerunt.
713 717 793 782 Nam
808 719 955 782 erithace
971 737 1094 802 quoque

146 805 210 872 laus
227 827 341 883 eorum,
358 819 390 870 ut
413 805 527 889 priores
548 827 719 890 superasse,
736 817 876 890 posteros
892 805 1033 869 docuisse
1049 803 1117 866 di·⁵

147 905 262 958 uantur.
314 889 372 973 [X.
391 892 441 971 9.]

525 1102 712 1117 ...q-...fluen-

505 1249 647 1311 CAPUT
665 1249 737 1308 XX.

457 1431 507 1471 D!
532 1429 784 1472 SCRIBENDO.

193 1565 244 1633 Er
266 1566 341 1630 haec
356 1565 477 1648 quidem
500 1567 608 1630 auxilia
631 1566 818 1630 extrinsecus
841 1567 1041 1631 adhibentur:
1065 1567 1097 1634 in

147 1651 185 1716 iis
200 1664 311 1729 autem,
328 1671 404 1734 quae
420 1651 506 1714 nobis
522 1651 594 1735 ipsis
610 1653 741 1734 paranda
762 1665 841 1730 sunt,
858 1667 891 1715 nt
910 1652 1032 1730 laboris,
1050 1652 1097 1716 sio

147 1735 281 1803 utilitatis
303 1735 392 1800 etiam
412 1735 500 1820 longe
520 1736 680 1820 plurimum
701 1738 789 1800 affert
810 1738 903 1801 stilus.
951 1737 1019 1801 Nec
1040 1738 1096 1801 im·

150 1823 257 1892 merito
281 1821 328 1888 M.
345 1820 464 1888 Tullius
487 1823 565 1887 hunc
587 1824 732 1905 optimum
750 1821 914 1908 effectorem
928 1844 965 1886 oc
981 1825 1095 1908 magir-
1106 1838 1132 1878 1⁰

150 1918 231 1975 trum
255 1909 378 1972 dicendi
405 1908 535 1972 vocavit.
583 1908 644 1972 Cui
673 1909 836 1973 sententiae
865 1930 1024 1994 personam
1051 1908 1092 1972 L.

39 2029 43 2038 ³
150 1989 255 2058 Crassi
275 1993 306 2054 in
326 1992 586 2074 disputationibus,
604 2016 681 2076 qnae
704 2009 771 2058 sunt
793 1994 831 2058 de
853 2009 985 2072 oratore,
1001 1995 1095 2079 assig-

149 2075 260 2155 naud0,
274 2075 422 2161 judicium
443 2099 527 2143 snum
548 2099 616 2141 oum
639 2079 715 2143 illins
735 2080 910 2144 anctoritate
925 2079 1093 2166 conjunxit.

195 2160 399 2231 Scribendum
415 2184 486 2247 ergo
503 2186 590 2249 quam
606 2165 843 2249 diligentissime,
857 2181 888 2230 et
901 2188 990 2251 qnam
1005 2167 1097 2250 pluri·

48 2281 56 2289 ·
147 2270 242 2319 ntum·
290 2246 370 2315 Nam
389 2263 420 2315 ut
440 2263 519 2315 terra
542 2251 628 2315 altius
646 2253 757 2315 effossa
778 2252 953 2336 generandis
969 2252 1095 2315 alendis·
1105 2276 1134 2315 1a

150 2357 209 2421 que
225 2335 386 2401 seminibus
398 2334 554 2401 secundior
565 2338 597 2401 fir
612 2358 622 2414 ;
645 2338 689 2401 sic
704 2337 857 2422 proiectus
872 2359 931 2400 non
946 2359 962 2400 a
979 2358 1097 2401 summo

150 2422 273 2506 petitus,
291 2422 455 2487 studiorum
476 2421 587 2487 fructus
610 2431 641 2485 et
662 2422 756 2487 fundit
778 2424 909 2500 uberius,
927 2437 958 2488 et
979 2422 1096 2486 fidelius

149 2508 294 2574 continet.
343 2506 434 2582 Nam,
453 2507 516 2569 sine
539 2508 595 2569 hac
613 2508 734 2589 quidem
755 2508 951 2585 conscientia,
969 2507 1032 2592 ipsa
1047 2508 1097 2575 illa

149 2612 191 2654 nx
207 2606 341 2672 tempore
358 2590 477 2651 dicendi
492 2590 618 2653 facultas
638 2591 754 2653 inanem
774 2594 867 2656 modo
885 2593 1098 2675 loquacitatem

147 2673 244 2747 dabit,
263 2687 294 2735 et
313 2674 404 2737 verba
425 2674 455 2735 in
475 2675 564 2739 labris
586 2676 749 2738 nascentia.
798 2676 864 2739 Illic
888 2678 1018 2756 radices,
1036 2678 1134 2741 illico

151 2754 340 2821 fundamenta
356 2772 423 2819 sunt
440 2778 446 2818 :
471 2758 530 2820 illic
547 2780 622 2841 opes
637 2761 719 2822 velut
734 2761 883 2823 sanctiore
899 2762 1029 2843 quodam
1045 2784 1097 2827 aa·

150 2840 228 2903 rario
243 2839 428 2917 reconditae,
441 2841 518 2903 unde
534 2842 573 2905 ad
588 2842 702 2904 subitos
717 2864 835 2925 qnoque
850 2865 949 2920 casus,
961 2866 1032 2907 cnm
1047 2870 1098 2913 res

149 2924 263 3009 exigat,
281 2922 476 3009 proferantur.
526 2924 617 2989 Vires
637 2924 780 2989 faciamus
800 2939 868 2990 ante
889 2928 1000 3005 omnia,
1018 2951 1097 3014 quae
1122 2960 1127 2965 ·

151 3010 298 3079 sufficiant
322 3008 415 3077 labori
438 3011 643 3088 certaminum,
662 3026 692 3074 et
713 3035 769 3075 usn
790 3034 848 3075 noo
872 3013 1092 3081 exhauriantur.

152 3096 234 3171 Nihil
250 3098 329 3165 enim
340 3119 437 3163 rerum
453 3098 518 3183 ipsa
533 3108 635 3164 natura
646 3097 740 3161 voluit
754 3120 892 3183 magnum
908 3101 1006 3185 effingi
1018 3102 1091 3182 cito,
1101 3120 1131 3161 ns

151 3185 382 3268 praeposuitque
405 3184 604 3267 pulcherrimo
628 3184 736 3267 cuique
759 3186 845 3269 operi
867 3186 1093 3266 difficultatem

150 3284 226 3349 quae
253 3269 396 3333 nascendi
420 3290 538 3353 quoque
564 3270 641 3331 hano
667 3268 774 3334 fecerit
797 3272 907 3355 legem,
923 3288 955 3337 ut
978 3272 1094 3362 majora

147 3348 286 3423 animalia
303 3352 412 3417 diutius
428 3354 591 3417 visceribus
606 3356 738 3439 parentis
754 3358 984 3423 continerentur.
1064 3360 1068 3364 ’

197 3434 262 3505 Sed
278 3458 346 3503 curn
362 3436 399 3500 sit
415 3434 526 3521 duplex
541 3442 688 3524 quaestio,
702 3443 859 3525 pwmodc,
872 3458 904 3507 et
918 3466 994 3527 quoa
1007 3466 1092 3512 mx·

149 3522 211 3595 ime
241 3522 330 3590 aotibi
360 3536 508 3607 oporteat,
530 3526 594 3611 jam
620 3528 689 3591 hinc
716 3528 850 3592 ordinem
876 3552 993 3614 sequar.
1043 3532 1126 3600 aas

149 3608 248 3693 nimo
268 3609 316 3675 val
339 3609 451 3687 tardus,
470 3610 541 3675 dum
563 3613 700 3697 diligens,
718 3613 823 3677 stilus:
847 3636 1023 3699 quaeramus
1037 3637 1092 3704 op·
