2459 4200
165 312 225 377 194
440 324 476 367 rr.
497 322 591 367 rrarr
608 318 833 373 aururmrrrrr

162 478 309 567 palpebris
337 475 426 539 etiam
453 489 482 537 et
508 474 591 558 genis
618 488 665 535 est
690 472 841 556 quoddam
866 467 1040 535 deserviens
1068 472 1104 537 iis

161 564 364 629 ministerium.

206 649 334 711 Multum
351 661 380 710 et
396 669 429 709 su
453 645 560 707 erciliis
577 644 680 726 agitur.
720 641 798 705 Nam
814 656 845 707 et
859 643 964 704 oculos
974 641 1103 706 formant

163 736 357 821 aliquatenus,
375 746 405 794 et
421 668 508 793 lionti
527 731 682 812 imperant.
731 727 790 790 His
806 728 1000 805 contrahitur,
1016 730 1104 791 attol-

163 822 242 897 litur,
259 818 443 883 demittitur:
467 829 497 877 ut
518 836 574 879 una
595 834 645 877 res
667 814 696 875 in
717 834 753 875 ea
774 814 839 897 plus
859 813 969 889 valeat,
987 814 1104 897 sanguis
1126 837 1141 875 s

164 906 224 981 ille,
242 904 291 987 qui
308 902 413 966 mentis
430 901 529 964 babitu
549 913 696 975 movetur,
713 914 755 975 et,
773 920 843 961 cum
858 898 1002 960 infirmam
1018 922 1105 961 vere·

164 991 271 1053 cundia
283 1002 382 1050 cutem
397 987 528 1069 accepit,
541 984 699 1047 effimditur
710 984 739 1044 in
751 984 891 1045 ruborem
907 1004 916 1058 3
938 1006 1005 1045 curn
1022 999 1103 1045 metu

164 1074 279 1156 refugit,
297 1074 358 1134 abit
373 1072 469 1133 omnis
489 1086 518 1133 et
541 1070 654 1154 pallore
667 1068 800 1152 frigescit
814 1089 822 1143 3
845 1083 1024 1152 temperatus
1039 1090 1103 1131 me·

165 1160 244 1223 dium
260 1159 411 1241 quoddam
433 1178 570 1219 serenum
589 1154 691 1217 efficit.
740 1154 855 1216 Vitium
876 1153 904 1215 iu
925 1154 1103 1237 superciliis,

166 1246 189 1308 si
206 1258 255 1307 aut
271 1245 392 1306 immota
407 1258 474 1305 sunt
490 1241 622 1316 omnino,
643 1254 693 1302 aut
707 1239 829 1300 nimium
844 1238 976 1316 mobilia,
997 1254 1048 1301 ant
1062 1240 1105 1301 in·
1116 1262 1142 1300 ro
1223 1233 1224 1314 i

166 1330 353 1413 aequalitate,
368 1342 399 1391 ut
420 1328 511 1390 nrodo
527 1328 565 1389 de
581 1346 710 1409 persona
725 1325 843 1387 comica
859 1324 1005 1402 dixeram,
1020 1325 1106 1387 dissi·
1223 1321 1224 1338 ¹

166 1416 248 1490 dent,
267 1427 315 1476 aut
332 1428 436 1475 contra
451 1414 493 1488 id,
510 1412 589 1495 quod
606 1410 745 1486 dicimus,
757 1410 913 1491 finguntur.
960 1407 1010 1471 Ira
1026 1411 1107 1472 enim
1221 1467 1224 1483 ,

165 1499 338 1571 contractis,
351 1498 466 1568 tristitia
479 1496 627 1571 deductis,
639 1496 767 1557 hilaritas
783 1494 913 1557 remissis
928 1493 1102 1556 ostenditur.

167 1582 327 1643 Annuendi
349 1600 467 1663 quoque
491 1595 521 1642 et
543 1580 685 1641 renuendi
709 1580 821 1641 ratione
837 1580 1038 1657 demittuntur,
1056 1594 1109 1643 aut

165 1666 336 1729 allevantur.
1116 1688 1144 1727 ιε

209 1749 337 1812 Naribus
352 1750 500 1833 labrisque
520 1770 577 1811 non
593 1748 658 1811 sere
673 1748 832 1833 quicquam
847 1751 990 1813 decenter
1004 1764 1106 1811 osten·
1222 1747 1225 1762 ’

167 1838 273 1912 dimus,
290 1836 408 1897 tametsi
425 1835 538 1898 derisus
554 1835 601 1913 iis,
619 1850 820 1919 contemptus,
833 1833 980 1897 fastidium
995 1835 1108 1917 signiti-

167 1923 227 1984 cari
244 1921 329 1982 solet.
378 1920 455 1980 Nam
475 1936 504 1982 et
524 1940 688 2003 corrugare
709 1941 810 1998 nores,
828 1935 858 1982 ut
884 1920 1029 1983 Horatius
1052 1921 1106 1999 ait,

167 2020 197 2067 et
212 2004 326 2078 inflare,
344 2016 373 2062 et
389 2024 522 2078 movere,
541 2019 570 2066 et
586 2006 678 2087 digito
694 2006 867 2089 inquietare,
881 2020 910 2067 et
925 2007 1012 2089 pulso
1027 2006 1111 2068 subi·

166 2108 197 2152 to
214 2086 315 2170 spiritu
332 2102 487 2162 excutere,
505 2103 535 2148 et
550 2090 692 2152 diducere
713 2092 843 2175 saepius,
861 2106 890 2154 ct
913 2092 997 2175 plana
1018 2113 1144 2155 manueo
1222 2120 1223 2167 1

166 2173 347 2258 resupinare,
365 2171 539 2234 indecorum
565 2188 635 2235 est:
663 2197 732 2238 cum
758 2178 909 2239 emunctio
935 2179 1025 2240 etiam
1047 2177 1109 2240 sre-
1158 2175 1163 2181 ’
1222 2178 1223 2229 3

166 2259 302 2344 quentior
316 2279 375 2320 non
391 2258 454 2321 sine
470 2279 559 2321 causa
575 2261 816 2342 reprebendatur.
1222 2244 1223 2303 i

210 2345 312 2408 Labra
333 2359 363 2407 et
384 2344 569 2428 porriguntur
592 2346 680 2422 male,
697 2361 727 2409 et
749 2349 931 2424 scinduntur,
950 2362 980 2411 et
1002 2348 1111 2411 astrin-

166 2447 283 2515 guntur,
300 2446 330 2492 et
346 2431 533 2504 diducuntur,
552 2443 581 2491 et
600 2431 704 2491 dentes
728 2435 849 2511 nudant,
867 2447 897 2497 et
919 2434 946 2495 in
971 2435 1046 2496 latus
1069 2455 1112 2496 ac

166 2537 262 2600 paene
283 2516 321 2577 ad
342 2535 443 2576 aurem
463 2515 623 2587 trahuntur,
642 2529 672 2575 et
686 2516 766 2577 velut
781 2520 909 2598 quodam
925 2517 1043 2581 fastidio
1058 2540 1145 2583 re·ss

166 2603 322 2683 plicantur,
340 2613 369 2659 et
385 2598 524 2680 pendent,
543 2612 572 2658 et
588 2619 697 2658 vocem
718 2612 828 2662 tantum
850 2604 940 2666 altera
961 2619 1045 2688 parte
1060 2604 1113 2665 di·
1222 2586 1224 2619 i

166 2684 292 2744 mittunt.
334 2681 486 2741 Lambere
498 2701 618 2761 quoquc
633 2703 667 2741 ea
683 2696 713 2743 ct
729 2687 876 2762 mordere,
888 2688 1023 2751 deforme
1035 2704 1080 2751 est
1102 2713 1112 2751 t

166 2785 234 2827 cum
248 2765 335 2824 etiam
349 2765 377 2822 in
388 2763 550 2823 efficiendis
562 2765 660 2824 verbis
670 2767 807 2828 modicus
820 2789 922 2830 eorum
935 2793 1002 2834 esse
1013 2775 1115 2836 debe·

166 2862 195 2911 at
207 2861 314 2908 motus.
355 2844 418 2907 Ore
431 2846 509 2906 enim
522 2846 627 2927 magis,
639 2867 728 2927 quarn
741 2850 839 2926 labris,
852 2852 1033 2932 loquendum
1046 2873 1112 2921 est.

209 2931 371 2995 Cervicem
388 2943 498 2993 rectam
515 2945 634 3014 oportet
649 2953 729 3009 esse,
746 2955 803 2995 non
819 2935 940 3017 rigidam
956 2950 1006 2998 aut
1024 2943 1147 3024 supi-ar

165 3041 244 3084 nam.
292 3018 412 3082 Collum
429 3017 545 3079 diversa
566 3017 686 3100 quidem
710 3021 764 3081 sed
787 3021 850 3102 pari
870 3020 1057 3086 deformitate
1076 3043 1114 3092 et

167 3105 348 3170 contrahitur
363 3118 393 3166 et
407 3104 536 3166 tenditur
552 3124 559 3162 :
584 3104 638 3166 sed
653 3117 738 3166 tenso
753 3106 856 3169 subest
871 3121 901 3169 et
916 3107 1010 3185 labor,
1023 3125 1111 3173 tenu-

167 3206 289 3273 aturque
306 3213 367 3252 vox
383 3211 418 3251 ac
431 3188 572 3272 fatigatur.
622 3190 758 3253 Affixum
774 3193 889 3274 pectori
905 3208 1036 3257 mentum
1052 3196 1109 3258 mi·

167 3295 221 3335 nus
238 3275 357 3350 claram,
375 3288 405 3334 et
420 3275 503 3356 quasi
521 3275 656 3336 latiorem
672 3297 776 3358 presso
792 3293 908 3360 gutture
923 3278 1003 3341 lacit.

212 3355 415 3418 Humerorum
438 3381 504 3420 raro
526 3361 640 3422 decens
665 3361 803 3424 allevatio
829 3378 916 3447 atque
941 3365 1143 3428 contractione

168 3451 223 3504 e'st.
272 3439 428 3502 Breviatur
444 3443 522 3505 enim
538 3445 654 3522 cervix,
671 3461 702 3507 ct
716 3461 832 3529 gestum
848 3450 996 3532 quendam
1011 3451 1104 3512 humi·
1220 3430 1223 3534 i

167 3527 228 3589 lem
243 3540 330 3609 atque
347 3524 496 3604 servilem,
514 3542 544 3589 et
559 3531 642 3611 qnasi
657 3529 872 3594 fraudulentum
888 3533 970 3611 facit,
988 3557 1055 3597 cum
1071 3557 1107 3599 se
1164 3606 1165 3613 χ
1220 3534 1221 3555 ³

168 3612 343 3674 inhabitam
359 3609 544 3688 adulationis,
562 3615 775 3695 admirationis,
792 3632 888 3682 metus
903 3620 1024 3702 fingunt.
