2459 4200
151 282 217 343 200
430 296 467 341 ιι.
489 296 584 341 ιιιιι
601 292 829 347 conuertunt

149 446 324 547 quibusdam
353 446 547 530 scriptoribus
577 461 689 519 notata,
712 467 751 507 ne
774 444 805 505 in
827 441 946 506 rusticis
967 442 1093 525 quidem

147 532 218 595 ridi
267 532 312 595 At
327 548 358 595 ut
373 532 495 595 brechio
511 547 633 595 exserto
648 529 867 611 introspiciatur
881 528 968 604 latus,
980 543 1012 589 ut
1027 549 1094 591 tua·

147 638 218 679 oum
229 616 303 680 elius
315 617 429 681 ultra
405 639 501 681 ιιιιιιιιι
513 616 647 699 prolerre
659 638 718 678 nou
729 615 848 688 audeat,
859 613 963 689 alius,
956 635 984 673 ιιι
996 634 1092 695 quan·

147 716 211 765 tum
227 716 307 799 petet
320 702 485 785 longitudo,
497 703 665 785 protendat,
677 715 725 763 aut
740 703 779 763 ad
795 712 907 795 tectum
923 697 1027 779 erigat,
1039 710 1094 760 aut

148 787 275 871 repetito
294 788 367 851 ultra
385 788 502 851 laevum
520 787 676 850 humerum
694 801 780 867 gestu
801 785 842 847 ita
862 783 890 845 iu
906 798 1023 865 tergum
1039 784 1092 845 lla·
1078 809 1116 847 ··ι

148 871 249 955 gellet,
266 886 298 935 ut
312 872 477 935 consistere
496 886 565 955 post
584 893 653 934 eum
675 891 779 953 porum
800 883 896 931 tutum
917 868 968 942 sit,
986 882 1036 930 aut
1051 868 1092 931 si·

148 956 269 1019 nistruru
286 957 375 1020 ducat
391 958 506 1033 orbern,
524 972 573 1019 aut
588 972 701 1019 temere
716 975 819 1038 sparsa
839 974 926 1015 manu
942 952 971 1014 in
985 952 1090 1035 proxi·

147 1060 213 1103 ιιιιιι
228 1041 372 1116 offendat,
390 1056 440 1105 aut
461 1042 595 1138 cubiturn
617 1056 772 1124 utrumque
795 1039 825 1101 in
841 1038 992 1101 diversum
1011 1038 1088 1101 latus

147 1126 280 1202 ventilet,
298 1146 389 1209 saepe
416 1126 481 1189 scio
507 1125 639 1189 evenire.
689 1125 778 1189 Solet
800 1146 869 1187 esse
892 1138 924 1186 et
946 1123 1041 1205 pigra,
1058 1137 1092 1185 et

148 1211 273 1307 trepida,
291 1226 321 1273 et
336 1212 450 1275 secanti
465 1211 592 1273 similis:
617 1211 705 1274 etiam
724 1210 808 1272 uncis
815 1208 956 1306 digitis,
952 1224 1001 1269 aut
1016 1229 1090 1291 cap·
1076 1228 1128 1267 -ιι

148 1294 188 1359 ite
201 1296 367 1381 dejiciatur,
379 1312 430 1361 aut
441 1298 546 1361 eadem
562 1318 649 1359 manu
646 1296 798 1393 ‘supinata
813 1294 843 1355 in
857 1293 1012 1390 superiora
1022 1292 1091 1377 jac·

148 1393 236 1443 tetur
284 1380 335 1443 Fit
349 1396 379 1445 et
395 1383 444 1445 ille
459 1382 586 1457 habitus,
604 1381 737 1465 quiesse
752 1380 781 1442 in
796 1378 898 1441 statuis
915 1379 1093 1461 pacificator

148 1466 235 1541 solet,
248 1466 309 1549 qui,
322 1466 484 1529 inclinato'
478 1488 506 1527 ro
521 1467 677 1528 humerum
688 1466 827 1527 dextrum
841 1464 953 1547 capite,
965 1463 1089 1525 brachio

147 1549 185 1611 ab
200 1570 271 1611 aure
291 1563 443 1644 protenso,
461 1571 578 1612 manum
601 1550 709 1613 infesto
727 1550 837 1632 pollice
855 1548 1013 1611 extendit:
1036 1547 1090 1631 qui

146 1632 267 1732 quidem
289 1633 420 1695 maxime
440 1634 576 1716 placet''
558 1656 606 1711 ns,
623 1635 673 1717 qui
694 1656 728 1697 se
744 1634 846 1697 dicere
861 1634 980 1695 notua
994 1655 1127 1699 ιιιιιιιιιιι

149 1714 268 1781 ιιιιιιι.

143 1738 157 1802 J
192 1804 331 1890 Adjicias
346 1804 419 1867 licet
433 1826 498 1883 eos,
516 1806 566 1889 qui
582 1804 741 1869 sententias
756 1804 906 1867 vibrantes
923 1802 1049 1887 digitis
1037 1824 1087 1886 Ja-

147 1890 292 1987 culautur,
310 1904 360 1953 eut
375 1912 462 1953 manu
478 1893 592 1955 sublata
607 1890 797 1989 denunciant,
814 1905 875 1966 aut,
888 1891 970 1972 quod
984 1910 1038 1972 per
1053 1910 1089 1951 se

147 1972 262 2035 iuterim
278 1974 482 2055 recipiendum
497 1992 554 2051 est,
573 1977 689 2072 quoties
705 1975 837 2058 aliquid
830 1975 903 2057 ipsis
918 1973 1066 2058 placuit,
1059 1996 1088 2036 ιιι

146 2076 257 2138 ungues
281 2057 453 2140 eriguntur:
478 2060 531 2122 sed
554 2060 695 2123 vitiosum
718 2060 748 2123 id
768 2058 892 2137 iaciunt,
909 2074 958 2122 aut
980 2059 1122 2142 digitum

145 2157 286 2226 quantum
308 2142 476 2227 plurimum
489 2160 623 2229 possunt,
641 2161 755 2223 erecto,
772 2161 821 2208 out
844 2146 933 2209 etiam
955 2146 1083 2222 duobus,

145 2243 194 2292 aut
211 2244 272 2294 utra
296 2251 333 2293 ue
348 2249 436 2293 nrenu
451 2232 488 2294 ad
505 2233 628 2295 modum
642 2231 751 2314 aliquid
767 2231 944 2314 portantium
961 2252 1086 2313 compo·

145 2314 212 2378 sita.
296 2316 321 2380 is
333 2317 482 2380 accedunt
492 2317 563 2380 vitia
578 2340 638 2380 non
652 2332 786 2393 naturae,
797 2317 851 2380 sed
867 2315 1083 2398 trepidationis,

145 2419 215 2464 cum
230 2423 284 2464 ore
302 2418 497 2467 concurrente
519 2403 633 2478 rixari
625 2424 632 2438 ·
656 2403 681 2464 si
703 2402 847 2465 rnenroria
869 2400 1018 2477 fefellerit,
1035 2414 1087 2463 aut

145 2486 288 2569 cogitatio
303 2509 361 2549 uon
382 2489 568 2582 suffragetur,
586 2508 671 2570 quasi
663 2486 820 2550 lancibus
839 2487 947 2569 aliquid
963 2486 1123 2549 obstiteae

145 2570 183 2632 rit
205 2572 366 2645 insonare3
390 2570 419 2632 in
444 2574 601 2634 adversum
628 2586 743 2653 tergere
769 2593 867 2656 nares,
891 2571 1086 2633 obambulare

145 2675 282 2716 sermone
304 2654 505 2745 imperfect03
528 2656 667 2718 resistere
689 2657 788 2718 subito
807 2671 837 2719 et
856 2657 975 2717 laudem
995 2657 1084 2719 sileo·

144 2735 186 2798 tio
202 2757 352 2832 poscere:
374 2757 451 2816 quae
472 2740 570 2800 omnia
590 2740 728 2820 persequi
749 2761 843 2820 prope
861 2740 1004 2803 infinitum
1024 2755 1083 2804 est.

146 2819 211 2882 Sua
226 2819 304 2880 enirn
320 2819 427 2900 cuique
443 2835 510 2882 sunt
524 2822 605 2882 ιίῑίι.

187 2903 302 2966 Pectus
318 2923 353 2966 ac
367 2918 517 2967 venterne
528 2902 731 2990 projiciantur,
748 2906 985 2967 observandum:
1010 2929 1086 3006 pan·
1093 2936 1121 2976 ιι

144 2990 215 3058 daut
242 2990 325 3053 eninr
348 2990 538 3074 posteriora;
561 3005 591 3052 et
614 3002 659 3051 cst
681 2990 785 3052 odiosa
807 2989 903 3052 omnis
926 2992 1081 3074 supinitas.

144 3077 256 3141 Latera
272 3099 341 3140 curn
360 3091 445 3159 gestu
465 3075 661 3140 consentiant.
709 3074 798 3138 Facit
819 3076 897 3138 enirn
920 3077 1031 3160 aliquid
1053 3095 1085 3144 et

143 3164 233 3226 totius
256 3163 398 3245 corporis
429 3177 547 3226 motus.
579 3163 655 3224 adeo
678 3175 709 3223 ut
734 3161 847 3224 Cicero
871 3162 936 3244 plus
963 3163 1014 3225 illo
1035 3165 1083 3248 agi

144 3265 232 3328 quarn
255 3247 416 3310 manibus
408 3249 480 3331 ipsis
504 3262 596 3331 putet
644 3246 691 3308 Ita
713 3246 791 3308 enirn
808 3246 904 3309 dicit
896 3268 926 3308 ιιι
941 3245 1081 3325 Oratore,

143 3329 264 3392 Nattae
280 3335 420 3411 argutiae
435 3333 614 3415 digitorum,
631 3352 693 3394 non
707 3333 920 3394 adnumerum
934 3334 1118 3395 articulum

145 3413 265 3488 codena,
282 3421 389 3478 trunco
405 3419 504 3497 magia
519 3429 577 3480 toto
591 3437 621 3478 ιι
636 3418 700 3499 ipse
715 3418 884 3495 moderans,
896 3428 923 3479 et
935 3418 1021 3479 cirili
1035 3418 1080 3479 lo·

143 3496 389 3581 terumjlecione.

188 3584 301 3648 Femur
323 3582 422 3662 ferire,
439 3585 519 3666 quod
536 3585 666 3650 Athonis
688 3587 799 3670 primus
821 3585 930 3650 secisse
953 3549 1083 3652 creditur
