2459 4200
174 277 215 342 ω
460 287 498 332 st.
518 287 612 332 utun
631 282 855 338 eurnrtcrsnr

173 461 239 508 mus
255 459 263 504 t
285 459 346 504 uon
354 437 482 503 admittit
496 438 555 502 boc
565 438 646 501 idem
656 437 778 516 veritas,
791 438 969 520 egreg'eque
984 435 1111 502 Cassius

172 524 283 590 dicanti
307 523 531 588 adolescentulo
548 545 555 584 :
595 523 682 600 Quid
698 543 743 586 me
764 533 846 585 torvo
863 524 951 585 cultu
967 521 1110 602 intueris,

177 609 313 674 Sacerci
357 611 436 674 Non
461 630 507 672 me
536 610 670 687 lter-cula,
694 608 797 692 inquit,
806 605 976 691 faciebam,
993 609 1045 669 sed
1067 609 1112 670 sic
1217 635 1218 640 ¹

172 696 342 778 scripsisti:
365 693 454 759 ecce!
476 710 517 772 et,
534 716 624 779 quam
646 693 752 778 potuit,
772 693 1022 757 tmculentissime
1043 714 1113 756 eum
1141 783 1148 794 ἱ
1217 698 1218 705 ’

172 802 205 846 18
246 796 302 846 xli·
691 825 696 830 ·

206 803 295 930 pIllud
319 866 479 952 praecipue
502 865 696 943 monendum,
712 863 832 948 nequis
849 864 906 926 nisi
925 862 1047 926 sumuris
1069 862 1113 924 in·

173 950 251 1034 genii
263 952 373 1016 viribus
386 953 424 1014 ad
436 952 599 1014 movendas
610 951 749 1014 lacrimas
757 950 878 1033 aggredi
888 949 996 1010 audeat
1009 968 1017 1008 ε
1030 969 1112 1025 nam,

173 1050 205 1102 ut
219 1052 266 1100 ast
280 1037 368 1122 longe
380 1035 658 1101 vehementissimus
674 1036 734 1111 bic,
746 1057 817 1100 cum
831 1033 961 1112 invaluit,
973 1033 1113 1112 affectus,

174 1119 225 1198 ita,
246 1121 271 1184 si
295 1123 367 1186 nihil
390 1122 494 1201 efficit,
515 1136 620 1205 tepet:
643 1141 732 1203 quam
756 1121 860 1182 melius
878 1119 1008 1181 infirmus
1029 1132 1116 1180 actor
1213 1158 1217 1179 .

173 1205 271 1270 tacitis
289 1206 427 1292 judicum
442 1207 670 1290 cogitationibus
689 1206 865 1289 reliquisset.
912 1204 990 1266 Nam
1005 1217 1036 1265 et
1050 1204 1149 1268 vul-10

174 1305 233 1368 tua,
251 1308 281 1358 et
295 1315 369 1373 vox,
380 1309 412 1356 et
426 1293 489 1377 ipsa
507 1293 554 1354 illa
570 1291 692 1356 excitati
708 1292 753 1354 rei
765 1289 871 1366 iacies,
882 1289 1010 1352 ludibrio
1024 1288 1115 1351 etiam

174 1375 348 1461 plerumque
378 1393 446 1442 sunt
479 1378 658 1454 bominibus,
689 1398 765 1460 quos
797 1397 858 1436 non
891 1387 1110 1458 permoverunt.

174 1459 279 1530 Quare
295 1463 431 1526 metiatur
449 1482 485 1523 ao
502 1462 658 1543 diligenter
677 1460 813 1523 aestimet
832 1461 909 1522 vires
928 1481 995 1522 suas
1016 1474 1113 1538 actor,
1217 1534 1218 1537 Ἴ

174 1558 216 1620 et,
229 1560 369 1628 quantum
382 1567 455 1608 onus
468 1545 616 1608 subiturus
629 1545 678 1622 sit,
692 1544 842 1627 intelligat.
871 1544 901 1606 N
904 1545 1050 1606 ibilhabet
1061 1544 1116 1607 ista

174 1647 222 1694 rea
239 1631 381 1706 medium,
399 1632 452 1694 sed
469 1644 518 1693 aut
533 1630 669 1692 lacrimas
683 1645 823 1707 meretur,
840 1644 890 1692 aut
904 1630 1005 1692 risum.
1124 1649 1151 1689 ss
1217 1624 1218 1641 l

217 1713 288 1778 Nou
314 1730 413 1778 autem
439 1735 634 1779 commovere
660 1730 772 1777 tantum
802 1715 1035 1791 miserationem,
1060 1715 1117 1780 sed
1214 1721 1218 1783 ἵ

175 1798 266 1864 etiam
290 1801 451 1880 discutere,
474 1799 584 1884 epilogi
610 1814 656 1863 est
681 1800 855 1883 proprium3
886 1821 955 1862 cum
981 1799 1117 1862 oratione

175 1885 325 1962 contiuua,
343 1909 419 1969 quae
438 1901 537 1949 motos
556 1886 685 1949 lacrimis
706 1884 827 1969 judices
847 1885 883 1947 ad
904 1883 1048 1968 justitiam
1069 1905 1116 1946 re·

176 1968 276 2046 ducat,
293 1983 354 2031 tum
378 1972 466 2032 etiam
485 1972 663 2053 quibusdam
686 1971 796 2032 urbane
819 1970 929 2032 dictis:
952 1969 1040 2052 quale
1056 1982 1114 2047 est,
1214 2008 1219 2022 ι

175 2051 256 2150 Dcite
268 2073 363 2134 puero
376 2075 498 2137 punem,
515 2075 552 2117 ne
564 2057 671 2135 ploret.
719 2053 762 2117 Et
777 2055 951 2137 corpulento
967 2053 1151 2137 litigatori,so

175 2158 260 2221 cujus
273 2139 470 2217 adversarius,
483 2139 554 2201 item
570 2160 654 2221 puer,
665 2139 747 2201 circa
758 2137 878 2223 judices
893 2154 956 2202 erat
970 2141 1007 2201 ab
1023 2141 1116 2202 advo·
1218 2145 1219 2148 ’

175 2236 245 2289 cato
260 2224 348 2299 latus,
373 2222 619 2306 Quidsccicmfl
640 2245 695 2307 ego
711 2234 737 2286 ts
753 2226 892 2309 bajulare
907 2245 968 2286 soa
980 2245 1114 2306 possum.
1217 2299 1219 2306 Ι

221 2308 287 2374 Sed
303 2310 378 2373 baec
394 2325 493 2375 umen
507 2332 567 2373 non
579 2311 689 2374 debent
704 2332 772 2374 esse
787 2311 916 2373 mimica.
957 2309 1002 2371 lta
1018 2331 1117 2394 neque

176 2394 257 2459 illum
272 2397 472 2479 probaverim,
484 2397 534 2479 qui
549 2397 625 2459 inter
636 2396 816 2459 clarissimos
831 2396 877 2458 sui
892 2395 1034 2478 temporis
1050 2416 1118 2457 ors·

176 2494 257 2543 tores
272 2480 337 2556 suit,
354 2482 415 2562 qui,
434 2482 533 2563 puetis
550 2481 578 2540 in
594 2481 745 2561 epilogum
762 2481 929 2562 productis,
947 2479 1022 2543 talos
1041 2480 1151 2564 jaeirus

176 2564 208 2627 in
224 2562 367 2639 medium,
384 2584 460 2645 quos
481 2564 521 2623 illi
537 2563 665 2644 diripere
684 2579 869 2645 coeperunt3
893 2586 1020 2647 namque
1042 2568 1118 2628 baec

177 2645 436 2729 ipsudiscriminis
460 2646 504 2709 sui
527 2646 690 2727 ignorantia
712 2648 807 2729 potuit
829 2670 897 2711 esse
919 2649 1119 2713 miserabilis:

176 2750 274 2813 neque
289 2730 382 2805 illum,
399 2731 460 2813 qui,
478 2752 548 2793 cnm
572 2746 654 2793 esset
675 2747 815 2795 ementus
835 2734 949 2814 gladius
968 2734 1006 2795 ab
1027 2757 1119 2797 accu·
1217 2783 1220 2806 .

177 2827 277 2878 satore
293 2815 436 2897 prolatus,
453 2836 514 2897 quo
528 2814 553 2877 is
572 2814 723 2877 hominem
744 2817 888 2898 probabat
903 2818 1051 2896 occisum,
1069 2842 1120 2882 su·
1215 2825 1220 2863 ³

177 2898 239 2961 bito
261 2920 299 2961 ex
319 2900 465 2963 subselliis
488 2913 520 2962 ut
542 2899 660 2965 territus
680 2898 764 2981 lugit,
782 2914 823 2978 et,
847 2902 945 2983 capite
970 2922 1009 2963 ex
1033 2918 1153 2984 partem
1218 2921 1219 2928 ¹

177 2984 288 3063 velato,
306 3006 376 3048 curm
391 2986 430 3049 ad
445 2998 581 3069 agentem
597 3004 637 3048 ex
654 2985 740 3047 turba
760 2987 977 3068 prospexisset,
994 2986 1120 3049 interro-

177 3070 268 3155 gavit,
286 3092 329 3135 on
336 3072 406 3156 jors
420 3074 473 3136 ille
490 3092 558 3135 cum
570 3070 680 3153 gladio
694 3071 887 3134 recessisset?
931 3070 1022 3135 Fecit
1040 3072 1121 3137 enim
1216 3123 1218 3138 .

177 3158 280 3236 risum,
297 3160 352 3223 sed
366 3158 507 3223 ridiculus
523 3156 586 3220 fuit.
635 3155 855 3221 Discutiendae
869 3171 970 3220 tamen
985 3157 1120 3225 oratione

178 3241 347 3323 hujusmodi
373 3265 507 3307 scenae:
531 3242 710 3326 egregieque
733 3242 860 3321 Cicero,
886 3243 937 3327 qui
961 3258 992 3305 et
1015 3258 1120 3305 contra

178 3324 336 3406 imaginem
360 3326 508 3389 Saturnini
528 3348 583 3409 pro
603 3328 731 3391 Rabirio
751 3329 890 3411 graviter,
908 3342 939 3391 et
956 3342 1057 3391 contre
1071 3327 1151 3413 juce

178 3430 298 3487 vanem,
310 3410 394 3495 cujus
407 3410 532 3474 subinde
543 3412 648 3475 vulnus
664 3413 693 3475 in
704 3413 821 3497 judicio
836 3413 1051 3491 resolvebatur,
1065 3435 1120 3497 pro

180 3494 304 3559 Vareno
320 3496 410 3557 multa
426 3496 501 3557 dixit
516 3496 637 3558 urbane.

224 3580 303 3645 Sunt
323 3593 354 3641 et
373 3579 414 3643 illi
433 3578 561 3641 leniores
583 3581 705 3661 epilogi,
722 3581 827 3661 quibus
848 3581 1020 3643 adversatio
1034 3583 1120 3644 satis·

1216 3508 1221 3681 ι

1217 3715 1221 3896 l
