2459 4200
351 287 505 334 sauneri
522 285 673 340 cunrat
690 289 826 336 carras.
1013 280 1075 346 lat

129 451 176 502 est
189 437 246 502 sibi
263 437 386 524 junctus
408 453 598 522 anapaestus,
615 455 648 504 nt
665 440 716 524 qui
738 441 778 506 sit
801 445 978 526 pentametri
993 444 1074 524 finis,

128 524 177 588 rel
192 524 350 607 rhythmus
365 524 415 607 qui
435 545 546 588 nomen
566 526 604 588 ah
619 548 658 590 ec
672 526 783 590 traxit:
805 528 895 591 Non
911 529 963 592 ati
979 531 1076 596 libido

128 611 317 687 dominatur,
335 611 526 672 innocentiae
551 612 610 674 leoc
630 611 822 694 praesidium
842 622 909 676 en.-
930 637 1000 678 nam
1025 637 1076 699 sy·

127 696 276 780 nalcephe
292 694 373 772 lacit,
390 709 423 760 ut
437 696 514 759 duae
529 697 651 761 ultimae
665 697 799 781 syllabae
813 719 868 782 pro
885 721 941 764 nna
955 715 1073 765 sonent.

107 781 243 844 oMelior
254 781 304 844 liet
320 781 521 864 praecedente
533 783 670 865 spondeo
681 783 731 846 vel
747 783 875 846 bacchio
891 805 901 845 ι
924 800 956 848 ut
970 785 996 848 si
1012 808 1075 853 mu·

129 880 177 930 tes
202 866 293 944 idern,
312 868 371 928 lene
398 866 589 930 innocentiae
616 869 809 950 praesidinm
833 879 885 932 ert.
932 869 1003 934 Non
1028 893 1077 936 me

128 952 212 1036 capit
231 951 277 1034 (ut
297 973 316 1014 a
339 952 451 1034 magnis
474 952 544 1016 viris
567 954 754 1038 dissentiam)
773 975 885 1038 paeon,
901 955 952 1039 qui
971 972 1018 1020 est
1035 979 1076 1022 ex

128 1037 222 1100 trihus
246 1037 386 1100 brevibus
409 1051 439 1100 et
460 1038 558 1122 longa.
606 1037 684 1103 Nem
708 1054 809 1103 estet
835 1040 843 1102 i
866 1062 900 1104 se
927 1063 984 1104 una
1008 1042 1075 1126 plus

128 1123 213 1186 brevi
233 1136 421 1206 anapaestos,
430 1120 575 1204 facilitas
597 1139 628 1187 et
647 1126 787 1208 agiliter.
834 1063 929 1196 duod
944 1127 1016 1209 qaid
1035 1128 1077 1192 ita

95 1208 274 1292 replacuerit
297 1208 344 1283 iis,
365 1229 424 1270 non
447 1208 547 1284 video,
564 1210 622 1274 nisi
636 1211 718 1293 quod
740 1211 822 1274 illurn
843 1209 907 1274 iere
930 1213 1076 1308 prohave·

128 1294 198 1370 rint,
216 1293 322 1378 quihus
342 1293 484 1376 loquendi
507 1294 611 1376 magis,
628 1315 718 1378 qnam
740 1295 844 1357 orandi
862 1296 993 1359 studium
1008 1295 1074 1363 tuit.

129 1378 209 1442 Nam
225 1392 255 1442 et
270 1394 336 1442 ante
352 1401 385 1441 se
406 1378 546 1442 hrevihus
568 1379 679 1462 gaudet
696 1378 868 1463 pyrrhichio
885 1380 934 1442 vel
948 1379 1074 1459 choreo,

129 1485 195 1526 ntea
201 1461 357 1545 facilitas,
368 1474 471 1526 nostra
479 1461 650 1546 facilitas:
672 1486 710 1528 ac
721 1465 924 1548 praecedente
939 1468 1076 1548 spondeo

129 1563 230 1614 tamen
252 1550 338 1633 plane
361 1549 426 1612 linis
449 1564 495 1613 est
517 1550 653 1628 trimetri,
669 1572 740 1613 cum
760 1550 805 1614 sit·
816 1572 871 1635 per
891 1573 925 1615 se
940 1572 1072 1636 quoque.

94 1635 170 1700 rsEi
193 1635 359 1698 contrarius
382 1635 535 1719 principiis
559 1636 665 1698 merito
689 1635 848 1701 laudetur:
870 1659 940 1701 nam
962 1652 994 1700 et
1015 1638 1075 1721 pri·

129 1743 209 1784 mam
225 1720 373 1796 stabilem,
386 1734 416 1783 et
432 1735 491 1784 tres
507 1720 623 1784 celeres
639 1721 739 1785 hahet.
788 1721 910 1786 'samen
923 1723 983 1786 hoc
1000 1743 1075 1806 quo·

128 1827 187 1890 que
203 1805 341 1870 meliores
357 1805 430 1870 alios
447 1820 530 1890 puto.

175 1891 276 1954 Totus
292 1913 363 1954 reru
383 1891 432 1954 hic
450 1892 535 1954 locus
557 1913 618 1954 non
639 1891 710 1954 ideo
732 1904 874 1955 tractatur
892 1913 909 1954 a
928 1891 1027 1969 nohis,
1044 1905 1076 1957 at

129 1977 237 2054 oratio,
255 1998 331 2061 quae
350 1975 420 2039 serri
443 1977 533 2039 debet
554 1998 589 2039 ac
613 1977 718 2054 fluere,
736 1976 926 2041 dimetiendis
947 1977 1075 2076 pedihus

93 2083 165 2126 acac
193 2062 414 2147 perpendendis
441 2062 561 2147 syllabis
592 2076 801 2127 consenescat.
848 2061 928 2127 Nam
950 2063 981 2127 rd
1004 2085 1075 2129 curn

131 2149 244 2226 miseri,
262 2162 325 2211 tum
339 2148 368 2211 in
385 2148 511 2211 minimis
527 2148 668 2231 occupati
683 2164 740 2212 est.
786 2148 894 2233 Neque
915 2149 1007 2225 eninr,
1024 2150 1074 2233 qui

129 2254 165 2297 se
187 2248 282 2298 totum
306 2234 335 2297 in
360 2233 417 2297 hac
437 2256 509 2297 cura
532 2233 742 2310 consumserit,
754 2233 922 2319 potioribus
930 2234 1073 2297 vacabit:

130 2319 156 2383 si
171 2320 293 2403 quidem
310 2319 416 2383 relicto
435 2340 533 2381 rerum
556 2319 691 2401 pondere
712 2339 750 2379 ac
771 2318 868 2381 nitore
885 2330 1072 2399 contempto,

129 2407 287 2467 tesserulae
311 2403 357 2487 (ut
379 2405 419 2468 ait
441 2402 591 2486 Lucilius)
611 2416 715 2478 struet,
732 2417 763 2464 et
782 2402 976 2465 vermiculate
998 2402 1075 2465 inter
1136 2476 1142 2489 x

95 2511 165 2554 sose
180 2492 256 2553 lenio
270 2490 447 2553 committet.
494 2488 602 2552 Nonne
623 2508 695 2571 ergo
713 2479 902 2570 refrigeretur
916 2486 962 2551 sic
977 2487 1071 2564 calor,

128 2589 161 2639 et
176 2565 305 2659 impetus
324 2588 438 2659 pereat,
457 2587 487 2637 ut
507 2595 653 2657 equorum
673 2594 793 2637 cursum
814 2572 933 2637 delicati
955 2572 1074 2637 minutis

129 2662 269 2745 passibus
284 2659 446 2742 frangunt?
492 2658 588 2731 Quasi
611 2660 725 2723 numeri
744 2680 805 2723 non
822 2657 929 2723 suerint
943 2660 974 2724 in
988 2680 1074 2723 com·

130 2746 280 2829 positione
308 2744 509 2829 deprehensi:
533 2746 610 2809 sicut
640 2749 751 2828 poema
779 2766 870 2809 nemo
895 2745 1075 2809 dubitaverit

131 2831 269 2915 imperito
294 2831 424 2914 quodam
450 2830 533 2894 initio
557 2830 666 2907 susum,
683 2845 714 2893 et
735 2831 849 2895 curium
873 2853 1025 2908 mensura,
1042 2844 1073 2895 et

94 2916 264 2981 assimiliter
284 2916 502 2980 decurrentium
523 2916 684 2999 spatiorum
703 2917 914 2980 observatione
932 2940 1002 2980 esse
1021 2937 1073 2997 ge-

127 3018 276 3078 neratum,
288 3023 359 3064 mox
374 3002 404 3063 in
419 3024 457 3065 eo
473 3016 608 3085 repertos
623 3001 729 3083 pedes.
771 3001 854 3064 Satis
869 3001 955 3081 igitur
969 3000 999 3060 in
1013 3000 1073 3061 hoc

127 3107 184 3151 nos
209 3101 372 3170 componet
395 3087 486 3149 multa
508 3084 658 3149 scribendi
681 3083 870 3158 exercitatio,
888 3097 921 3144 ut
939 3103 980 3144 ex
998 3094 1073 3143 tem·

122 3190 207 3253 -pore
221 3171 308 3234 etiam
324 3171 431 3234 similia
446 3170 611 3233 fundamus.

172 3252 281 3338 Neque
296 3276 369 3319 vero
390 3270 450 3319 mm
471 3254 528 3317 siut
550 3249 682 3314 intuendi
704 3250 810 3335 pedes,
826 3270 914 3335 quam
937 3251 1074 3316 universa

91 3340 384 3423 ¹ascomprehensio:
408 3354 440 3403 ut
454 3359 572 3401 versum
588 3335 732 3400 iacientes
753 3351 848 3401 totum
869 3337 950 3402 illum
965 3338 1072 3403 decur-
1161 3380 1169 3384 -

128 3448 205 3504 sum,
220 3446 279 3488 non
295 3446 351 3489 sex
365 3426 414 3490 vel
429 3423 557 3509 quinque
573 3435 687 3506 partes,
700 3444 741 3485 ex
754 3423 861 3507 quihus
876 3438 994 3489 constat
1005 3446 1072 3488 ver·

124 3532 191 3589 sus,
202 3510 361 3595 aspiciunt.
403 3509 486 3573 Ante
502 3507 582 3571 enirn
597 3524 719 3571 carmen
730 3523 828 3575 ortum
842 3524 901 3590 est,
913 3531 1004 3594 quam
1018 3508 1071 3569 oh·

125 3598 258 3661 serratio
273 3596 425 3663 carminis·
472 3594 608 3680 Ideoque
624 3592 695 3657 illud
