2459 4200
159 298 219 361 lae
448 312 484 355 rt.
506 310 600 355 rann
618 308 841 362 curnrrnrartr

156 488 227 531 cens
252 467 339 549 longa
361 462 514 540 brevibus,
531 462 631 546 gravia
651 462 758 539 acutis,
775 463 852 525 elata
874 462 1051 543 summissis,
1070 478 1102 529 ct

155 551 361 635 inaequalitate
391 551 496 613 horum
523 546 667 625 omnium,
689 548 765 610 sicut
794 546 919 631 pedum,
936 547 1097 613 claudicet.

158 636 300 702 Secunda
322 636 465 711 varietata,
482 632 561 716 quod
589 632 686 695 solum
712 646 758 697 est
779 631 996 716 pronunciatio.
1045 633 1100 697 Ac

154 744 192 787 nc
208 722 274 807 quis
290 742 420 808 pugnare
440 718 515 781 inter
536 738 569 781 se
590 732 675 803 putet
696 716 904 803 aequalitatem
927 732 958 780 et
972 719 1101 783 varieta-
1130 756 1134 765 ·

155 823 239 884 tem3
263 828 331 871 oum
347 808 385 871 illi
407 801 505 869 virtuti
528 804 708 867 contrarium
727 803 829 866 vitium
851 802 889 866 sit
911 802 1124 887 inequalitas,s

156 892 237 972 huic,
254 893 303 977 qui
320 892 427 957 dicitur
440 898 596 971 μονοειδὴς,
613 889 697 975 qnasi
712 889 832 974 quidam
847 910 922 951 unus
944 904 1097 973 aspectus.

157 977 219 1042 Ars
242 1000 333 1064 porro
357 978 488 1043 variandi
512 1001 581 1043 curn
611 975 734 1059 gratiam
761 972 889 1057 praebet
913 994 947 1036 ao
972 989 1100 1038 renovat

155 1084 251 1139 aures,
269 1078 331 1127 tum
354 1064 505 1129 dicentem
526 1064 591 1149 ipsa
614 1059 723 1125 laboris
746 1058 908 1123 mutatione
927 1060 1043 1123 reficit:
1065 1074 1100 1123 ut

156 1148 264 1228 standi,
280 1148 462 1230 ambulandi,
479 1149 615 1227 sedendi,
629 1145 751 1232 jacendi
770 1144 853 1207 vices
874 1158 953 1222 sunt,
970 1145 1102 1230 nihilque

157 1256 261 1299 eorum
276 1235 337 1319 pati
353 1258 443 1299 unum
460 1236 510 1299 diu
525 1255 695 1322 possumus.
741 1229 820 1293 Illud
834 1251 907 1291 vero
923 1231 1100 1311 maximum,
1111 1252 1136 1291 n

161 1320 229 1404 (sed
246 1320 274 1384 id
290 1320 390 1406 paullo
406 1336 476 1407 post
491 1316 711 1400 tractabimus,)
736 1316 817 1400 quod
832 1315 997 1379 secundum
1012 1319 1101 1381 ratio-

156 1427 225 1468 nem
255 1428 365 1485 rerum,
383 1407 421 1470 de
437 1408 543 1491 quibus
559 1406 698 1481 dicimus,
720 1402 944 1483 animorumque
966 1402 1099 1481 habitus,

157 1489 371 1553 conformanda
387 1514 448 1553 vox
464 1507 521 1569 est,
538 1514 575 1554 ne
590 1491 629 1553 ab
643 1486 776 1553 oratione
791 1486 953 1549 discordet.

200 1574 340 1637 Vitemus
357 1574 443 1657 igitur
461 1576 552 1654 illam,
570 1596 647 1659 quae
664 1573 787 1637 Graece
800 1587 946 1649 pororovta
961 1586 1099 1653 vocatur,

156 1680 213 1721 una
232 1659 377 1743 quaedam
400 1659 519 1745 spiritns
543 1659 667 1728 acsoni
690 1658 836 1722 intentio:
859 1682 918 1723 non
942 1658 1037 1723 solum
1061 1680 1137 1723 nera

157 1743 291 1808 dicamus
314 1745 413 1809 omnia
436 1746 581 1823 clamose,
599 1745 679 1829 quod
703 1743 836 1807 insanum
860 1760 931 1822 est;
953 1757 1002 1807 aut
1024 1744 1099 1807 intra

156 1828 296 1915 loquendi
313 1832 447 1910 modum,
461 1832 542 1917 quod
557 1846 639 1895 motu
655 1842 738 1895 caret
752 1850 762 1906 ;
784 1845 835 1894 aut
848 1830 1006 1894 summisso
1020 1850 1101 1893 mur·

156 1936 252 1994 mure,
270 1938 329 1999 quo
353 1918 441 1980 etiam
458 1917 627 1981 debilitatur
648 1915 745 1978 omnis
768 1915 916 1979 intentio:
941 1915 995 1979 sed
1017 1928 1051 1979 ut
1073 1915 1101 1978 in

155 1997 263 2061 iisdem
275 2000 406 2082 partibus
419 2000 585 2085 iisdemque
598 2001 756 2063 affectibus
771 2000 828 2065 sint
843 2016 942 2065 tamen
954 2001 1103 2085 quaedam

156 2104 215 2145 non
231 2086 270 2147 ita
285 2104 409 2169 magnae
426 2086 511 2150 vocis
528 2085 757 2165 declinationes,
774 2103 863 2172 prout
877 2104 927 2151 aut
942 2086 1138 2151 verborumne

156 2167 294 2253 dignitas,
311 2186 361 2235 aut
384 2172 595 2237 sententiarum
616 2186 731 2251 natura,
749 2187 798 2236 ant
814 2174 976 2258 depositio,
993 2187 1044 2235 aut
1059 2173 1102 2235 in·

156 2257 270 2341 ceptio,
287 2272 336 2321 aut
359 2259 496 2323 transitus
520 2258 701 2344 postulabit:
726 2259 829 2342 utqui
852 2259 972 2343 singulis
996 2258 1102 2342 pinxe-

156 2357 223 2406 runt
246 2343 408 2424 coloribus,
425 2344 482 2408 alia
511 2359 610 2408 tamen
633 2344 838 2422 eminentiora,
855 2345 911 2409 alia
932 2343 1103 2408 reductiora

155 2426 303 2509 fecerunt,
321 2430 384 2494 sine
399 2452 459 2515 qno
483 2453 520 2493 ne
544 2430 684 2494 membris
706 2430 826 2513 quidem
848 2451 917 2495 suas
939 2428 1032 2494 lineas
1041 2429 1102 2492 de·

157 2513 280 2578 dissent.

200 2598 408 2683 Proponamus
432 2599 509 2661 enim
532 2599 618 2661 nobis
640 2600 711 2662 illud
731 2599 891 2664 Ciceronis
914 2602 943 2664 in
966 2599 1102 2664 oratione

155 2680 338 2744 nobilissima
357 2704 412 2764 pro
435 2682 552 2744 Milone
571 2683 774 2766 principium:
799 2707 896 2749 nonne
911 2688 949 2750 ad
971 2685 1108 2768 singulas

155 2785 251 2849 paene
281 2763 497 2841 distinctiones,
523 2768 657 2848 quamvis
687 2768 716 2827 in
746 2769 852 2830 eadem
883 2768 972 2847 facie,
1000 2785 1103 2834 tamen

155 2847 238 2933 qnasi
262 2848 359 2912 vultus
386 2850 541 2912 mutandus
569 2851 643 2912 est?
688 2851 759 2911 Etsi
784 2871 897 2929 vereor,
908 2852 1045 2935 judices,
1063 2876 1105 2917 ne

156 2945 241 3020 tuppe
257 2934 307 3013 sit,
320 2955 379 3018 pro
392 2933 561 3017 fortissimo
576 2935 641 2996 viro
658 2935 759 2997 dicere
774 2936 968 3018 incipientem
983 2936 1101 3002 timere.
1112 2957 1138 2997 ao

156 3020 285 3086 Etiamsi
308 3035 372 3086 toto
395 3022 550 3106 proposito
575 3035 761 3084 contractum
785 3036 872 3106 atque
898 3022 1101 3102 summissum,

157 3108 226 3194 quia
241 3125 270 3172 et
286 3109 444 3173 exordium
459 3123 516 3186 est,
535 3122 565 3172 et
587 3106 706 3171 solliciti
722 3108 900 3171 exordium:
924 3123 1022 3172 tamen
1038 3107 1103 3173 lue·

157 3195 205 3270 rit,
223 3217 349 3257 necesse
373 3209 429 3273 est,
448 3194 557 3279 aliquid
580 3193 695 3276 plenius
718 3209 750 3256 et
771 3194 912 3273 erectius,
931 3216 999 3258 oum
1016 3194 1100 3272 dicit,

159 3277 222 3338 Pro
231 3276 400 3356 fortissimo
415 3281 493 3357 viro,
511 3301 599 3364 quam
616 3301 697 3357 cum,
715 3279 787 3341 Etsi
800 3300 914 3358 vereor,
932 3295 973 3359 et,
997 3280 1101 3361 Turpe

158 3361 208 3439 tit,
220 3374 261 3438 et,
279 3359 410 3424 Timere.
446 3365 468 3426 J
470 3386 517 3426 am
533 3366 664 3428 secunda
679 3365 835 3450 respiratio
850 3366 1000 3429 increscat
1011 3385 1101 3449 opor·
1112 3380 1138 3421 ³⁵

158 3459 212 3526 tet,
231 3459 260 3508 et
275 3447 398 3509 naturali
414 3450 544 3530 quodam
566 3465 688 3528 conatu,
705 3473 764 3533 quo
785 3450 881 3515 minus
901 3451 1010 3535 pavide
1026 3449 1102 3512 dioi-

159 3555 236 3612 mus,
254 3553 330 3632 quae
345 3546 517 3631 sequuntur,
536 3548 566 3596 et
580 3536 663 3618 quod
683 3536 854 3619 magnitudo
873 3536 961 3599 animi
978 3534 1102 3598 Milonis

159 3619 334 3697 ostenditur,
344 3617 536 3702 Minimeque
552 3619 665 3698 decent,
678 3641 745 3682 cunr
767 3621 804 3682 T.
820 3619 945 3684 Annius
959 3622 1022 3704 ipse
1037 3639 1102 3683 nto·
