2459 4200
153 267 196 334 02
440 287 476 330 ra.
496 289 594 330 rann
610 286 836 338 eumarum

151 459 187 502 se
200 435 307 500 foedae
327 437 469 500 vomendi
491 435 675 513 necessitati,
687 435 753 520 jam
773 434 845 496 nihil
865 435 941 496 ultra
964 457 1098 519 exspec-

150 523 291 602 tantibus,
308 524 519 608 huncquoque
543 521 689 606 adjiceret
709 517 938 596 deformitatem,
955 535 988 582 ut
1009 521 1097 588 eiam

150 607 244 672 teneri
270 627 329 670 non
355 621 459 692 posset
480 607 639 690 postridie.
689 605 815 669 Solebat
838 603 916 667 Aser
938 603 1097 672 Domitius

150 692 288 792 trajicere
308 695 337 756 in
360 693 506 756 clausulas
528 693 621 755 verba
639 705 753 782 tantum
767 689 951 772 asperandae
968 712 1097 774 compo·

150 779 264 842 sinonis
279 779 383 862 gratia,
402 793 431 841 et
453 777 584 840 maxime
606 777 644 845 in,
658 775 839 860 prooemiis:
863 789 895 836 ut
910 797 965 858 pro
980 775 1120 840 Closs-s

150 864 223 940 tilla,
251 865 378 926 Grotius
407 883 499 946 agam
529 863 684 925 continuo.
738 859 782 922 Et
811 881 866 944 pro
897 858 1015 939 Laelia,
1034 863 1100 926 Eu

51 957 57 967 '
149 949 282 1032 utrisque
309 949 393 1030 apud
414 958 439 1009 tc
457 947 594 1032 judicem
612 947 808 1030 periclitatur
831 945 952 1007 Laelia.
1000 946 1098 1011 Adeo

150 1032 257 1116 refugit
271 1047 404 1096 teneram
420 1035 639 1116 delicatamque
662 1031 834 1094 modulandi
855 1024 1046 1114 voluptatem,
1060 1046 1098 1096 ut

150 1119 335 1182 currentibus
352 1139 405 1218 per
421 1141 454 1182 se
468 1119 612 1196 numeris,
628 1120 708 1201 quod
730 1139 784 1180 eos
802 1116 960 1194 inhiberet,
977 1116 1095 1203 objice·

149 1217 204 1267 ret.
246 1203 471 1288 Amphrboliatn
487 1225 605 1289 quoque
621 1203 685 1265 fieri
701 1202 806 1266 vitiosa
820 1201 971 1264 locatione
985 1203 1135 1266 verboru

149 1311 227 1366 rum,
241 1311 330 1352 nemo
346 1304 405 1368 est,
416 1291 465 1374 qui
480 1289 605 1352 nesciat.
644 1287 735 1352 Haec
751 1287 887 1379 arbitror,
904 1301 935 1350 ut
951 1287 980 1350 in
994 1288 1093 1369 brevi,

150 1375 188 1436 de
212 1375 315 1438 ordine
338 1374 429 1438 fuisse
453 1376 605 1438 dicenda:
629 1374 678 1458 qui
701 1375 727 1437 si
747 1373 872 1436 vitiosus
895 1387 953 1450 est,
969 1373 1041 1437 lieet
1063 1389 1097 1439 et

149 1459 249 1520 vincta
265 1460 303 1522 sit
318 1473 348 1521 et
363 1474 431 1542 apte
447 1461 559 1523 cadens
575 1459 683 1536 oratio,
699 1472 799 1522 tamen
814 1458 920 1521 merito
936 1459 1096 1544 incompo-

150 1541 205 1606 sita
221 1543 345 1606 dicatur.

193 1627 347 1691 Juaclura
366 1626 507 1713 sequitur.
555 1627 614 1691 Est
634 1629 663 1691 in
680 1629 789 1706 verbis,
806 1620 924 1707 incisis,
941 1629 1092 1708 membris,
1104 1655 1135 1694 rs

147 1712 291 1796 periodis.
343 1713 452 1777 Omnia
478 1735 606 1798 namque
636 1715 692 1778 ista
715 1729 746 1778 et
768 1714 890 1778 virtutes
913 1729 944 1778 et
969 1714 1041 1778 vitia
1063 1715 1095 1778 in

150 1800 313 1884 complexu
326 1799 446 1864 habent.

194 1883 300 1968 Atque
315 1899 346 1948 ut
361 1887 497 1950 ordinem
515 1906 634 1968 sequar,
650 1885 778 1970 primum
798 1898 865 1948 sunt
879 1905 955 1968 quae
970 1884 1093 1969 imperi·

148 1968 188 2030 tis
202 1990 320 2052 quoque
336 1972 374 2032 ad
390 1971 653 2054 reprehensionem
667 1970 807 2034 notabilia
823 1969 970 2048 videntur,
987 1971 1017 2033 id
1032 1984 1092 2050 est,

56 2114 65 2127 ἱ
148 2071 236 2137 quae,
255 2054 424 2119 commissis
440 2055 516 2118 inter
530 2077 564 2119 se
579 2057 678 2120 verbis
694 2057 821 2133 duobus,
839 2078 879 2119 ex
893 2054 995 2119 ultima
1009 2056 1131 2141 prio-so

147 2138 191 2201 ris
205 2160 239 2202 ac
260 2139 356 2224 prima
374 2141 524 2227 sequentis
547 2142 662 2225 syllaba
682 2140 816 2205 deforme
839 2137 961 2225 aliquOd
982 2164 1094 2205 nemen

148 2225 290 2289 efficiunt.
340 2226 423 2291 Tum
438 2227 589 2291 vocalium
604 2250 768 2293 concursus
785 2250 793 2289 ε
816 2228 865 2312 qni
882 2250 952 2291 cum
966 2227 1089 2305 accidit,

147 2310 220 2389 hiat,
233 2327 263 2375 et
279 2312 440 2391 intersistit,
453 2329 483 2378 et
498 2314 581 2397 quasi
596 2315 713 2377 laborat
726 2313 832 2377 oratio.
871 2313 1011 2375 Pessime
1025 2312 1092 2375 lon-

147 2416 214 2542 gpe,
232 2419 309 2482 quae
324 2401 445 2463 easdem
463 2400 537 2462 inter
552 2422 585 2461 se
601 2400 700 2463 literas
716 2399 915 2475 committunt,
930 2398 1087 2461 sonabunt.

178 2485 335 2567 raecipuus
351 2499 450 2545 tamen
472 2485 527 2545 erit
542 2484 638 2547 hiatus
657 2506 770 2560 earum,
788 2505 864 2567 quae
880 2506 956 2547 cavo
972 2498 1022 2546 aut
1037 2504 1131 2567 pa=ss

146 2567 208 2628 tulo
231 2568 361 2629 maxime
384 2589 436 2629 ore
460 2568 631 2629 efferuntur.
679 2568 723 2643 E,
740 2569 855 2651 planior
876 2570 961 2632 litera
983 2584 1040 2645 est,
1059 2569 1089 2648 1,

147 2650 297 2730 angustior
312 2666 358 2713 est
374 2673 381 2712 :
407 2652 534 2733 ideoque
550 2651 706 2729 obscurius
722 2652 752 2713 in
767 2653 812 2715 his
827 2653 942 2717 vitium.
987 2654 1091 2716 Minus

146 2734 296 2817 peccabit,
312 2736 360 2817 qui
376 2735 470 2817 longis
487 2736 594 2799 breves
610 2737 760 2821 subjiciet,
772 2754 802 2800 et
816 2740 925 2814 adhuc,
937 2739 987 2822 qui
1003 2760 1092 2822 prae·

145 2833 238 2901 ponet
257 2818 363 2902 longae
385 2821 517 2882 brevem.
567 2820 692 2883 Minima
708 2822 798 2883 estin
814 2823 928 2885 duabus
948 2824 1092 2887 brevibus

146 2903 284 2966 offensio.
333 2904 436 2989 Atque
452 2926 520 2966 curn
544 2905 619 2967 aliae
639 2905 850 2989 subjunguntur
871 2906 946 2982 aliis,
963 2907 1129 2987 periudett

145 2989 312 3073 asperiores
339 3004 434 3068 erunt,
459 3004 546 3074 prout
569 2990 629 3053 oris
653 2990 753 3053 habitu
776 2990 862 3053 simili
890 3003 940 3053 aut
966 2989 1091 3057 diverso

144 3076 425 3160 pronunciabantur.

188 3161 257 3224 Non
270 3177 368 3226 tamen
385 3164 426 3241 id,
438 3175 469 3225 ut
484 3162 598 3224 crimen
613 3162 728 3245 ingens,
739 3162 1002 3247 expavescendum
1018 3178 1088 3241 est;

145 3264 181 3306 ac
204 3248 309 3307 nescio
335 3248 511 3329 negligentia
533 3247 562 3309 in
585 3248 656 3325 boc,
675 3270 711 3310 an
736 3247 905 3312 sollicitudo
928 3248 965 3311 sit
986 3247 1083 3333 pejor.

146 3326 284 3391 Inhibeat
300 3332 378 3391 enirn
397 3352 524 3393 necesse
541 3345 588 3393 est
608 3333 657 3395 hic
676 3348 773 3397 metus
793 3334 936 3417 impetum
952 3333 1125 3413 dicendi‚ss

146 3424 176 3477 et
192 3434 209 3475 a
229 3413 395 3497 potioribus
409 3428 532 3477 avertet.
579 3416 684 3488 Quare
700 3433 731 3481 ut
745 3418 940 3500 negligentiae
955 3433 1086 3503 estpars

144 3500 204 3563 hoc
228 3498 298 3584 pati,
317 3498 357 3562 ita
375 3498 557 3579 humilitatis,
574 3502 683 3586 ubique
702 3503 947 3585 perhorrescere,
964 3504 1085 3568 nimios·

144 3604 203 3670 que
217 3607 276 3649 non
292 3584 439 3661 immerito
455 3586 484 3648 in
498 3586 554 3651 hac
571 3609 643 3650 cura
665 3601 768 3671 putant
789 3609 894 3652 omues
916 3586 1084 3654 Isocratem
