2459 4200
342 241 495 290 scaccis
512 241 663 296 cucurri
680 243 818 292 cartre.
1024 228 1069 292 u

16 411 17 432 ³
120 392 203 458 brevi
227 406 259 455 'et
281 392 383 476 longa)
402 393 511 476 quique
534 408 580 460 est
602 395 632 458 ei
653 394 831 458 οοιιιιιιὶιιι
879 393 959 460 Sunt
984 395 1015 458 hi
1037 409 1069 459 et

16 479 17 482 ’
120 479 237 542 metrici
253 479 375 562 pedes:
400 479 454 556 sed
470 478 553 541 hoc
545 493 678 555 interest,
696 481 777 563 quod
795 479 936 562 rhythmo
951 481 1068 545 indiffe-

119 586 187 628 rens
212 579 270 639 est,
289 563 465 646 dactylusne
489 564 536 626 ille
559 564 675 648 priores
697 564 805 628 haheat
827 565 947 642 breves,
965 587 1002 628 an
1021 587 1068 629 se·

120 663 257 732 quentes.
307 647 447 732 Tempus
463 649 541 710 enim
557 649 654 712 solum
677 649 807 726 metitur,
825 663 856 712 ut
871 670 888 712 a
904 651 1068 714 sublatione

89 735 162 798 sad
185 733 363 817 positionem
387 733 467 796 idem
490 734 578 817 spatii
602 734 649 797 sit
697 734 832 798 Proinde
846 735 904 797 elia
919 735 1067 798 dimensio

16 889 18 892 ,
124 832 171 884 est
187 839 347 882 versuum.
370 839 426 902 pro
443 818 562 901 dactylo
585 818 656 902 poni
678 841 738 882 nou
757 821 871 916 poterit
892 836 1071 918 anapaestqs

40 979 43 984 ¹
121 917 172 968 eut
186 903 361 986 spondeus.
385 923 442 966 nec
466 925 563 986 paeon
582 905 689 966 eadem
709 904 824 968 ratione
839 903 1003 968 brevibus
995 905 1068 968 mci·

121 989 183 1072 piet
204 1009 241 1050 ac
259 987 385 1050 desinet.
434 987 542 1072 Neque
566 987 662 1052 solum
684 989 774 1052 alium
798 1011 853 1074 pro
876 990 935 1053 alio
958 992 1069 1074 pedem

122 1087 285 1138 metrorum
306 1073 380 1135 ratio
401 1093 462 1136 ιιοιι
484 1074 603 1156 recipit,
621 1075 676 1137 sed
704 1096 741 1137 ne
764 1074 917 1157 dactylum
932 1076 1067 1172 quidem,

89 1171 175 1220 roaut
189 1156 264 1220 lorte
271 1158 448 1254 spondeum
463 1158 585 1222 alterum
601 1180 658 1241 pro
673 1159 779 1221 altero
822 1158 967 1242 ltaque
944 1181 970 1222 st
985 1160 1069 1243 quiu-

16 1271 17 1318 ι
125 1264 185 1327 que
200 1242 354 1306 continuos
372 1243 521 1325 dactylos,
538 1258 570 1304 ut
585 1243 640 1304 fit
633 1265 663 1304 ιιι
678 1243 741 1317 illo,

279 1342 415 1392 Panditur
409 1351 501 1392 intonen
513 1341 602 1392 domus
615 1340 788 1405 omnipotentie
800 1339 904 1405 olympi,

123 1427 301 1507 confundes,
319 1429 445 1492 solveris
460 1451 591 1492 versum.

168 1514 249 1578 Sunt
264 1529 295 1578 et
310 1514 358 1576 illa
374 1515 556 1591 discrimina,
574 1514 655 1598 quod
677 1513 822 1596 rhythmis
845 1513 938 1577 libera
960 1513 1067 1598 spatia,

16 1591 17 1634 t
90 1620 116 1662 rs
123 1613 225 1662 metris
241 1600 323 1662 finita
338 1613 427 1675 sunt;
451 1600 541 1662 ethis
557 1614 658 1664 certae
672 1599 834 1675 clausulae,
848 1600 901 1677 illi,
915 1600 1070 1696 quomodo

16 1751 18 1760 ,
123 1699 299 1768 coeperunt,
317 1698 438 1748 currunt
457 1707 551 1769 usque
572 1686 609 1748 ad
625 1691 790 1762 μεταβολὴν,
809 1685 840 1746 id
855 1699 902 1746 est
916 1685 1070 1746 transitum

16 1789 18 1828 ε
122 1771 153 1834 in
165 1771 245 1832 aliud
258 1791 349 1852 genus
361 1769 512 1852 rhythmi:
530 1784 560 1832 et
571 1771 652 1867 quod
667 1786 795 1831 metrum
807 1768 837 1830 iu
849 1768 949 1829 verbis
963 1767 1069 1843 modo,

123 1855 280 1936 rhythmus
302 1854 390 1918 etiam
413 1854 442 1916 in
465 1855 613 1953 corporis·
624 1868 706 1916 motu
728 1867 785 1916 est.
833 1850 935 1914 Inanitt
950 1871 1072 1934 quoque

123 1953 260 2022 tempora
278 1940 404 2023 rhythmi
416 1939 532 2002 facilius
548 1939 709 2023 accipient,
721 1959 889 2023 quanquam
903 1938 981 2001 haec
995 1952 1027 2000 et
1041 1937 1072 2000 in

89 2025 228 2088 semetris
243 2025 394 2088 accidunt
430 2024 533 2123 Major
543 2038 643 2089 tamen
655 2026 714 2088 illic
727 2025 845 2088 lieentia
860 2038 918 2102 est,
929 2024 981 2086 ubi
992 2038 1070 2087 tern-

124 2112 304 2195 pometiam
320 2112 419 2174 animo
434 2112 603 2189 metiuntur,
616 2127 647 2174 et
662 2112 772 2209 pedum
789 2126 819 2173 et
835 2110 1017 2206 digitorum'
1010 2122 1072 2171 totu

125 2196 276 2261 interualla
292 2198 407 2279 signant
421 2196 596 2279 quibusdam
612 2197 702 2271 notis,
714 2210 803 2277 atque
818 2195 989 2267 aestimant,
999 2204 1073 2273 quot

124 2282 231 2345 breves
243 2282 316 2343 illud
328 2282 456 2365 spatium
467 2281 597 2343 habeat.
617 2280 686 2342 inde
702 2289 878 2359 τειράσημοι,
887 2286 1071 2353 πενιάσημοι,

125 2367 269 2450 deinceps
279 2366 428 2448 longiores
440 2368 511 2429 finnt
526 2364 748 2464 percussiones.
771 2364 851 2427 Nam
867 2379 982 2439 σημεῖον
997 2377 1072 2426 tem·

90 2473 180 2536 sspus
196 2467 360 2515 estunam.
386 2450 423 2515 In
439 2451 659 2533 compositione
674 2450 816 2514 orationis
830 2451 953 2528 certior,
964 2462 995 2512 et
1010 2470 1073 2512 ma·

125 2538 169 2621 gis
185 2536 323 2599 omnibus
338 2550 442 2621 aperta
461 2537 572 2599 servari
591 2538 681 2599 debet
699 2536 856 2601 dimensio.
905 2536 992 2601 Est'
984 2535 1072 2621 igitur

124 2622 154 2685 in
169 2623 312 2720 pedibus..

169 2706 212 2769 Et
228 2707 344 2772 metrici
356 2706 477 2790 quidem
490 2707 675 2791 pedesndeo
686 2710 872 2792 reperiuntur
882 2709 913 2771 iu
924 2709 1072 2785 oratione,

125 2806 156 2855 ut
172 2792 200 2854 in
217 2814 253 2855 ea
269 2791 440 2876 frequenter
452 2814 512 2854 ιιοιι
527 2792 720 2857 sentientibus
735 2796 821 2858 nobis
834 2795 966 2858 omnium
982 2814 1073 2877 gane-

90 2898 191 2941 aarum
206 2878 348 2941 excidant
364 2898 491 2954 versus,
513 2892 543 2941 et
558 2894 661 2943 contra
676 2881 760 2956 nihil,
774 2882 856 2963 qnod
871 2901 961 2962 prosa
977 2878 1072 2958 scrip·

126 2976 201 3040 tum,
217 2984 278 3025 ιιοιι
293 2963 386 3046 redigi
407 2964 502 3046 possit
523 2964 551 3025 in
567 2965 714 3047 quaedam
730 2964 944 3025 versiculorum
964 2980 1074 3040 genera

125 3048 221 3111 stelin
237 3049 379 3111 membra
422 3048 511 3113 Sed
504 3071 534 3111 ιιι
549 3050 627 3110 adeo
645 3047 787 3107 molestos
803 3044 961 3105 incidimus
976 3062 1073 3122 gram·

126 3132 270 3232 piraticos,
281 3152 367 3214 quam
382 3132 510 3211 luerunt,
521 3154 571 3216 qur
563 3132 766 3214 Lyricorum
778 3128 925 3212 quaedam
941 3126 1074 3190 carmina

126 3215 269 3283 lavarias
284 3238 435 3282 mensuras
451 3222 652 3300 coegerunt.
653 3214 699 3314 A?
709 3215 825 3278 Cicero
836 3211 1074 3297 frequentissime

91 3302 214 3379 adicit,
231 3315 326 3365 totum
341 3304 400 3366 hoc
417 3319 554 3366 constare
575 3301 717 3400 numeris,
735 3298 865 3387 ideoque
879 3300 1074 3385 reprehendi·

129 3400 175 3451 tur
190 3408 208 3451 a
221 3388 412 3471 quibusdam,
429 3404 569 3470 tanquam
588 3388 753 3450 orationem
777 3390 814 3452 ad
820 3388 1002 3488 rhythmos
1009 3386 1074 3448 alli·

129 3486 188 3555 get
235 3472 316 3538 Nam
336 3487 404 3539 sunt
421 3472 534 3537 numeri
555 3472 695 3555 rhythmi,
713 3488 745 3536 ut
767 3486 797 3537 et
820 3475 885 3561 ipse
906 3468 1072 3541 manicon,

130 3570 164 3619 ot
176 3559 270 3621 secuti
286 3578 356 3621 eum
372 3558 527 3641 Virgilius,
544 3577 614 3619 cum
630 3557 714 3633 dicit,
