2459 4200
149 259 194 320 to
442 271 478 316 rr.
499 271 594 316 rann
612 269 836 324 aetermam

194 421 250 488 Illa
262 444 335 486 vero
347 419 452 506 frigida
468 435 498 484 et
512 421 634 506 puerilis
649 434 695 484 est
710 421 738 483 in
754 419 865 484 sobolis
880 416 1045 494 affectatio,
1058 429 1091 480 nt

150 511 214 594 ipse
227 509 364 572 transitus
377 509 486 571 efficiat
501 507 630 590 aliquam
645 507 745 590 utique
760 505 947 582 sententiam,
959 519 989 567 et
1003 503 1090 587 hujus

149 595 231 658 velut
247 593 422 678 praestigiae
439 593 573 677 plausum
591 607 695 676 petat:
720 606 751 654 ut
766 590 894 654 Ovidius
908 588 1046 653 lascivire
1061 587 1091 648 in

151 677 427 764 Metamorphosesi
443 679 531 754 solet,
545 699 635 760 quem
650 691 749 739 tamen
765 697 911 738 excusare
926 673 1091 738 necessitas

149 777 261 848 potest,
278 787 326 828 res
343 762 559 828 diversissimas
575 763 604 824 in
625 763 761 846 speciem
776 761 860 824 unius
875 760 1012 844 corporis
1027 757 1115 820 ool-s

149 849 300 933 ligantem.
337 848 458 912 Oratori
473 869 546 910 vero
561 848 632 931 quid
648 861 694 910 est
708 868 836 910 necesse
851 846 999 928 surripere
1013 845 1091 906 hano

149 934 426 1018 transgressionem,
441 948 471 996 et
482 933 618 1018 jndicem
633 931 747 1009 fallere,
760 931 821 1014 qui,
834 945 866 993 ut
881 929 978 992 ordini
992 951 1093 991 rerum

149 1019 279 1082 animum
302 1020 445 1096 intendat,
470 1019 559 1080 etiam
589 1017 826 1080 commonendus
856 1015 928 1078 est?
973 1013 1093 1076 Peribit

149 1103 230 1166 enim
246 1103 338 1188 prima
357 1125 423 1188 pars
439 1103 648 1187 expositionis,
665 1101 690 1165 si
708 1101 806 1186 judex
826 1099 937 1163 narrari
958 1099 1093 1161 nondum

149 1188 236 1252 sciet.
284 1189 490 1273 Quapropter,
516 1203 547 1250 ut
572 1209 632 1249 non
661 1187 786 1269 abrupte
807 1187 918 1248 cadere
940 1185 970 1245 in
991 1203 1128 1246 narra-ro

149 1273 274 1352 tionem,
292 1274 331 1338 ita
346 1297 406 1336 non
422 1275 550 1338 obscure
565 1272 789 1349 transcendere,
806 1284 852 1333 est
867 1269 1023 1368 optimum.

196 1359 232 1423 Si
244 1381 317 1422 vero
332 1360 446 1442 longior
462 1357 592 1441 sequitur
608 1380 644 1420 ac
660 1356 803 1440 perplexa
818 1375 912 1437 magis
928 1354 1090 1437 expositio,

149 1443 188 1504 ad
209 1463 275 1504 eam
295 1445 389 1524 ipsam
408 1443 626 1525 praeparandus
641 1442 697 1504 erit
707 1441 827 1524 judex:
849 1453 882 1501 ut
896 1439 1010 1503 Cicero
1024 1460 1091 1502 sae·

149 1525 228 1608 pius,
253 1527 307 1588 sed
331 1540 361 1588 et
383 1528 442 1588 hoc
465 1527 535 1588 loco
559 1525 643 1602 fecit,
663 1526 764 1589 Paulo
787 1523 912 1609 longiae
933 1525 1091 1588 exordium

148 1611 195 1670 rei
219 1610 467 1672 demonstrandae
491 1620 633 1692 repetam,
656 1611 747 1693 quod,
765 1633 886 1695 quaeso,
902 1611 1037 1696 jndices,
1052 1629 1127 1672 neas

148 1695 267 1759 moleste
279 1696 446 1778 patiamini
461 1717 471 1756 .·
490 1695 658 1778 principiis
673 1697 753 1758 enim
767 1697 911 1780 cognitio,
928 1697 1023 1758 multo
1035 1692 1091 1775 sa·

149 1778 242 1842 ciliae
256 1791 386 1843 extrema
400 1781 588 1862 intelligetis.
631 1780 722 1844 Haec
737 1780 801 1844 sere
813 1796 882 1844 sunt
895 1781 967 1844 mihi
983 1781 1021 1843 de
1036 1799 1091 1842 ex·

149 1865 235 1928 ordio
251 1881 417 1950 comperta.
469 1866 546 1947 [lV.
568 1869 614 1946 l.]

509 2298 650 2360 CAPUT
671 2299 728 2361 XI.

487 2480 527 2519 ntt
555 2478 751 2517 rnnntntottn.

193 2620 367 2685 Panaima
388 2632 434 2682 est
453 2633 619 2683 nostrarum
637 2633 687 2681 aut
707 2619 869 2682 adversarii
889 2623 1093 2706 proposition-

148 2728 211 2783 um,
229 2720 278 2769 aut
294 2720 482 2788 utrarumque
499 2704 601 2767 ordine
617 2705 726 2767 collata
741 2708 937 2770 enumeratio.
1098 2719 1128 2759 Μ

192 2789 263 2853 Hac
280 2790 400 2872 quidam
415 2792 556 2853 utendum
573 2812 693 2873 semper
714 2804 829 2873 putant,
847 2793 928 2875 qnod
944 2815 980 2856 ea
995 2807 1026 2855 ct
1040 2794 1092 2858 fiat

148 2896 238 2939 eausa
254 2874 392 2953 lucidior,
409 2889 440 2937 et
458 2875 554 2960 judex
572 2876 712 2938 intentior
727 2897 763 2938 ac
780 2876 917 2955 docilior,
935 2878 961 2941 si
976 2878 1090 2958 scierit,

148 2974 179 3025 et
201 2961 240 3025 de
263 2980 323 3044 quo
346 2961 485 3039 dicimus,
507 2975 537 3023 et
563 2963 601 3024 de
628 2981 687 3044 quo
710 2961 818 3025 dicturi
843 2977 948 3045 postea
974 2983 1088 3025 sumus.

131 3044 267 3111 ¹Rursus
283 3046 402 3130 quidam
423 3047 626 3131 periculosum
646 3046 677 3109 id
695 3048 805 3109 oratori
825 3048 1000 3110 arbitrantur
1018 3047 1091 3111 dua·

147 3130 203 3195 bus
219 3156 259 3195 ex
273 3134 396 3197 causis:
420 3135 500 3217 quod
522 3153 730 3217 nonnunquam
752 3148 783 3196 et
801 3133 942 3195 excidere
961 3131 1129 3212 soleant,ss

148 3235 224 3298 quae
240 3219 442 3297 promisimus,
457 3234 498 3295 et,
512 3220 537 3281 si
553 3240 610 3302 qua
627 3218 655 3280 in
671 3219 824 3301 partiendo
840 3218 1090 3303 praeterierimus,

148 3318 330 3361 occurrere:
355 3303 436 3383 qaod
451 3303 572 3383 quidem
592 3304 703 3365 nemini
717 3304 848 3379 accidet,
865 3304 922 3367 nisi
938 3304 988 3387 qui
1003 3303 1092 3387 plane

147 3383 198 3445 vel
217 3382 298 3445 nullo
319 3382 407 3446 fuerit
429 3386 559 3467 ingenio,
577 3387 626 3449 vel
649 3389 686 3451 ad
710 3389 857 3471 agendum
876 3388 947 3449 nibil
969 3389 1091 3472 cogitati

148 3468 415 3553 praemeditatique
432 3471 579 3533 detulerit.
629 3472 753 3556 Alioqui
770 3486 921 3555 quactum
936 3474 1092 3539 manifesta

149 3568 180 3619 et
200 3554 300 3618 lucida
321 3568 366 3617 est
388 3555 474 3632 ratio,
499 3578 586 3639 qaam
608 3572 710 3621 rectae
733 3556 928 3640 partitionis?
958 3559 1128 3641 sequituraa
